6005 8388
0 4528 17 25 ☛

0 4566 15 38 ⏑—

0 4716 24 29 na

0 4754 25 38 je

0 4800 25 38 nd

0 4857 25 28 or

195 2723 90 35 den
320 2719 127 45 Beſuch
481 2721 58 32 des
573 2714 155 45 Prinzen
761 2712 182 37 Amadeus
975 2715 73 29 von
1066 2704 141 44 Italien
1242 2701 234 47 empfangen.

327 999 101 45 Dieſe
464 1000 142 43 Zeitung
646 992 142 43 erſcheint
827 985 125 44 täglich,
995 983 164 43 Mittags,
1205 983 100 41 außer

462 1035 11 8 3
733 1035 175 40 Sonntag.

334 1118 266 38 Abonnements
645 1111 60 32 rein
733 1103 243 42 vierteljährlich
1001 1101 304 43 praenumerando

326 1244 43 38 In
383 1238 113 35 ertion
619 1228 66 29 n
725 1233 47 16 e
809 1225 174 33 eſpaltene
1005 1219 203 43 Petit⸗Zeile
1230 1220 73 32 oder

598 1282 96 25 Seren
722 1271 113 33 Raum
868 1267 66 45 1¼
953 1268 67 34 Br.

2686 1125 551 84 Hannover.

2369 1296 339 45 Haupt⸗Expedition,
2731 1293 177 36 Redaction
2934 1292 69 34 und
3027 1293 255 44 Buchdruckerei,
3304 1293 217 44 Georgſtraße
3541 1297 34 31 3.

4736 929 196 42 Agenturen
4956 937 58 34 zur
5038 930 180 44 Annahme
5241 940 67 27 von
5335 934 168 45 Anzeigen
5527 942 60 29 ꝛc.:

4987 974 332 48 General⸗Agentur:

4572 1018 222 46 Hamburg
4811 1028 36 26 u.
4864 1019 290 43 Frankfurta.
5170 1024 72 35 M.:
5268 1025 249 36 Haasenstein
5532 1028 30 31 &
5578 1026 137 44 Vogler

4572 1076 181 36 Berlin:
4779 1077 43 37 A.
4847 1077 226 44 Retemeyer,
5091 1072 176 54 Kurſtraße
5288 1084 62 34 50.

4573 1122 205 37 Bremen:
4803 1123 41 32 E.
4871 1123 173 37 Schlotte.

4572 1168 225 46 Harburg:
4821 1168 194 45 Elkan’ſche
5040 1170 281 48 Buchhandlung.
5608 1185 2 12 j

4571 1215 170 43 Kaſſel:
4768 1214 43 34 G.
4835 1215 309 44 Württenberger,
5166 1217 107 44 Buch⸗
5297 1219 38 35 u.
5355 1221 229 45 Kunſthandl.

4573 1260 193 46 Leipzig:
4793 1261 47 33 H.
4865 1261 162 43 Engler’s
5049 1262 323 39 Annoncenbureau.

4573 1307 156 41 Paris:
4756 1307 42 32 E.
4822 1307 152 38 Bernau.
4996 1309 45 31 29
5065 1308 76 33 Rue
5164 1309 62 34 des
5248 1310 90 36 bons
5361 1312 163 37 Enfants.

244 1382 161 14 Q—Q

322 1426 110 114 ir
561 1411 324 129 5090.

1130 1572 135 23 n
1365 1574 106 13 e

1300 1576 5 7 d

1149 1586 102 16 e

1090 1601 174 12 —

748 1672 47 16 ☚
885 1665 21 12 F
992 1671 158 25 N
1247 1659 188 38 A

279 1670 694 99 Telegraphiſche
993 1662 495 84 Depeſchen

311 1797 23 22 *
365 1793 170 48 London,
555 1792 214 50 (Dienstag)
800 1783 64 48 12.
881 1786 124 43 Sept.,
1033 1781 157 39 Abends.
1252 1776 95 45 Nach
1375 1776 162 40 weiteren

231 1866 57 38 pr.
333 1855 158 47 Belgian
542 1847 272 52 eingetroffenen
866 1842 182 46 Berichten
1104 1842 69 33 aus
1224 1830 180 74 Newyork
1454 1843 84 56 vom

231 1918 39 35 2.
303 1919 33 34 d.
371 1913 147 39 Abends
547 1910 112 47 haben
692 1906 50 37 die
773 1901 201 47 Gkäubiger
1005 1889 201 59 Ketchum’s
1235 1904 103 55 einen
1361 1885 177 76 Vergleich

231 1972 66 46 auf
325 1969 100 50 Höhe
466 1978 68 29 von
570 1968 49 35 60
662 1964 155 47 Procent
859 1964 279 58 angenommen.
1199 1954 77 46 Für
1307 1954 51 35 die
1391 1951 147 47 falſchen

230 2030 122 48 Checks
385 2029 37 48 iſt
453 2027 89 39 keine
572 2019 213 50 Vergütung
819 2017 167 44 bewilligt
1019 2005 164 75 worden.
1259 2067 5 7 G

316 2087 94 45 Nach
430 2083 179 45 Berichten
644 2083 68 34 aus
737 2075 132 48 Mexiko
903 2073 112 62 haben
1047 2073 51 34 die
1119 2064 230 71 Kaiſerlichen
1384 2076 68 29 am
1477 2065 61 38 12.

228 2146 137 47 Auguſt
382 2140 208 50 Hermoſilla
623 2137 108 46 beſetzt
764 2136 73 36 und
870 2124 106 73 damit
1001 2128 78 65 alle
1096 2126 104 47 Wege
1231 2136 38 27 in
1301 2128 68 34 das
1398 2123 141 44 Innere

228 2206 58 35 der
333 2200 160 48 Provinz
532 2197 161 39 Sonora
733 2190 164 50 geöffnet.
959 2188 67 39 Die
1057 2188 107 36 unter
1195 2188 76 34 dem
1304 2177 234 71 Commando

226 2253 236 55 Pesquiera’s
504 2255 150 46 ſtehende
693 2245 290 49 republikaniſche
1014 2243 127 39 Armee
1174 2242 61 41 hat
1266 2241 59 46 ſich
1357 2242 65 36 den
1455 2240 84 38 Kai⸗

225 2317 157 52 ſerlichen
402 2310 264 52 angeſchloſſen.
726 2305 198 51 Pesquiera
957 2300 149 50 befindet
1137 2299 59 48 ſich
1232 2298 64 47 auf
1326 2301 59 61 der
1402 2290 137 58 Flucht.

312 2374 22 23 *
365 2368 135 57 Paris,
543 2366 217 51 (Dienstag)
801 2360 63 47 12.
908 2361 111 46 Sept.
1081 2357 84 64 Der
1195 2356 241 63 „Moniteur“
1485 2355 56 63 be⸗

224 2432 120 41 richtet
377 2429 85 40 über
494 2432 64 34 den
593 2422 242 52 Gegenbeſuch
881 2423 64 35 den
972 2418 51 38 die
1066 2416 158 46 ſpaniche
1255 2407 285 73 Königsfamilie

230 2491 130 48 geſtern
410 2488 37 37 in
493 2484 151 49 Biarritz
685 2486 74 34 dem
799 2473 232 56 Kaiſerpaare
1073 2468 206 75 abgeſtattet
1321 2472 73 62 hat.
1470 2465 69 55 Die

222 2546 161 49 Königin
417 2544 73 44 traf
519 2547 62 34 um
615 2542 21 36 3
670 2540 74 42 Uhr
775 2536 252 47 Nachmittags
1060 2542 67 27 ein.
1193 2530 67 39 Die
1292 2527 241 48 Zuſammen⸗

223 2605 100 47 kunft
355 2613 79 28 war
467 2602 74 46 ſehr
573 2598 153 49 herzlich.
786 2594 69 39 Die
886 2592 138 46 Abreiſe
1056 2588 148 49 erfolgte
1235 2597 55 28 um
1315 2587 59 64 10
1394 2581 44 68 ¹½
1460 2584 72 64 Uhr

221 2663 159 38 Abends.
442 2660 68 38 Am
544 2657 193 45 Sonntag
766 2653 126 46 hatten
931 2653 57 34 der
1019 2646 121 45 Kaiſer
1181 2647 73 36 und
1286 2648 49 34 die
1366 2643 162 46 Kaiſerin

306 2776 75 39 Der
424 2772 208 47 italieniſche
660 2768 111 48 Prinz
814 2769 184 35 Amadeus
1047 2761 89 39 wird
1185 2763 98 41 heute
1324 2756 80 47 früh
1454 2755 72 47 hier

224 2833 179 40 erwartet.

301 2888 158 42 General
491 2882 231 42 Lamoricière
753 2881 37 45 iſt
831 2879 66 47 auf
930 2877 125 46 ſeinem
1085 2869 166 71 Schloſſe
1283 2866 154 57 Proncel
1462 2880 61 55 ge⸗

216 2948 149 49 ſtorben.
437 2942 184 49 (Derſelbe
661 2939 205 46 entſtammt
907 2937 92 36 einer
1042 2927 286 72 legitimiſtiſchen
1364 2924 162 71 Familie,

213 3011 120 34 wurde
365 3014 40 38 zu
437 3001 142 40 Nantes
619 3008 60 29 am
713 2997 36 36 5.
784 2995 102 48 Febr.
925 2992 104 37 1806
1065 2990 88 63 geb.,
1199 2998 86 38 ging
1317 2986 109 38 1835
1461 2988 67 35 mit

217 3065 85 44 nach
335 3059 163 51 Algerien
532 3060 75 37 und
639 3058 120 36 wurde
795 3051 104 39 1843³
934 3040 423 62 General⸗Lieutenant.)

496 3145 607 19 ——ʒ—ͦ

323 3225 22 22 *
375 3223 85 48 Der
491 3211 444 64 ſchleswig⸗holſteinſche
963 3206 146 57 Verein
1141 3205 42 48 in
1215 3203 207 58 Erlaugen

215 3302 63 42 hat
311 3296 87 47 ſeine
431 3295 67 38 alle
535 3293 48 36 14
615 3289 97 48 Tage
743 3284 268 50 ſtattfindenden
1045 3272 255 61 regelmäßigen
1329 3270 200 74 Sitzungen

216 3345 58 52 am
309 3357 37 37 7.
380 3351 215 48 September
625 3346 124 39 wieder
783 3344 298 45 aufgenommen,
1123 3339 73 36 und
1238 3344 95 39 zwar
1373 3344 37 27 in
1444 3334 77 39 An⸗

214 3411 185 51 weſenheit
431 3419 73 28 von
538 3405 209 48 wenigſtens
780 3402 80 36 900
887 3397 243 48 Mitgliedern.
1191 3391 84 45 Daß
1306 3394 58 36 der
1390 3390 138 40 Erlan⸗

1600 1633 22 20 V
1646 1605 83 75 affen
1778 1639 29 25 er
1833 1627 238 44 Kriegsknechte
2098 1630 66 29 und
2192 1627 47 33 die
2266 1629 122 42 Federn
2417 1635 50 28 der
2493 1629 226 40 Diplomaten,
2757 1626 84 33 beide
2868 1624 43 34 im

1600 1677 134 41 Dienſte
1759 1675 159 40 desſelben
1946 1673 300 40 machthaberiſchen
2273 1673 152 43 Willens,
2453 1676 38 39 ſie
2517 1676 96 41 ſollen
2641 1674 94 34 allein
2763 1672 76 33 über
2865 1673 51 31 der

1601 1724 113 35 Völker
1740 1721 133 43 Geſchick
1898 1720 201 41 entſcheiden,
2136 1719 153 41 während
2317 1724 48 32 die
2393 1723 111 39 Völker
2531 1722 85 37 ſelbſt
2642 1729 65 26 nur
2733 1721 58 30 das
2819 1716 95 41 Recht

1602 1818 120 41 Federn
1749 1825 36 33 zu
1813 1814 155 43 bezahlen.
2019 1812 234 44 (Bewegung.)
2304 1815 54 35 So
2383 1815 100 34 meint
2509 1823 76 25 man
2613 1816 32 31 es
2671 1812 34 33 in
2726 1811 94 35 Wien
2848 1811 67 33 und

1601 1863 118 34 Berlin
1747 1864 66 31 und
1840 1869 42 23 an
1909 1859 102 34 vielen
2047 1862 122 30 andern
2199 1860 104 34 Orten
2330 1861 238 40 Deutſchlands
2604 1858 117 38 möchte
2747 1866 77 24 man
2854 1858 57 31 den

1601 1955 132 43 fälligen
1759 1951 209 43 Knechtſchaft
1995 1950 160 42 bezahlen.
2199 1951 127 36 Wollen
2354 1954 60 34 wir
2441 1953 101 39 dieſen
2564 1950 152 40 Gelüſten
2744 1950 171 44 begegnen,

1601 2048 130 37 kommt,
1759 2047 38 32 ob
1823 2046 67 33 dies
1916 2046 50 31 der
1994 2042 182 45 Grundzug
2201 2045 45 33 im
2274 2044 138 41 Geſichte
2439 2045 125 42 unſerer
2589 2040 144 46 Zukunft
2759 2041 64 42 ſein
2850 2040 64 53 ſoll,

1602 2095 71 32 oder
1700 2094 37 33 ob
1764 2091 59 35 wir
1850 2088 102 44 hoffen
1981 2088 125 41 dürfen,
2135 2092 57 31 den
2218 2090 67 45 jetzt
2310 2095 67 31 uns
2405 2091 237 37 misachtenden
2669 2089 135 39 freieren
2833 2087 83 35 Völ⸗

1602 2140 69 34 kern
1709 2140 74 39 noch
1825 2136 75 41 einſt
1941 2136 61 33 mit
2043 2136 68 32 dem
2139 2136 115 44 Stolze
2290 2141 51 31 der
2368 2136 265 44 Ebenbürtigkeit
2669 2135 57 33 ins
2753 2135 92 42 Auge
2878 2142 37 34 zu

1601 2185 142 41 ſchauen.
1791 2181 204 44 Dazwiſchen
2023 2180 103 37 haben
2155 2185 59 31 wir
2239 2193 37 35 zu
2302 2183 141 42 wählen.
2485 2183 94 36 Doch
2607 2181 88 38 nein,
2733 2183 71 31 was
2831 2179 86 34 wäre

1600 2235 39 30 da
1664 2231 75 39 noch
1767 2229 55 39 erſt
1855 2237 37 35 zu
1918 2227 154 52 wählen?
2121 2228 72 35 Wir
2219 2229 120 42 haben,
2367 2230 31 43 ſo
2425 2229 73 42 ſage
2524 2229 41 39 ich
2591 2228 34 34 in
2644 2227 116 41 Ihrem
2775 2227 140 39 Namen,

1600 2278 60 34 wir
1687 2277 102 43 haben
1815 2274 90 41 ſchon
1931 2272 153 45 gewählt.
2134 2274 106 35 Dann
2269 2276 85 42 heißt
2381 2279 32 31 es
2441 2277 71 34 aber
2540 2274 72 39 auch
2639 2273 101 39 heute,
2768 2272 60 34 wie
2855 2280 58 26 vor

1600 2323 190 41 anderthalb
1815 2320 144 43 Jahren:
1987 2319 72 35 Nur
2086 2320 175 42 vorwärts,
2289 2321 163 37 vorwärts
2478 2325 67 29 und
2574 2339 39 5 —
2641 2319 109 37 durch!

1685 2373 94 46 Zum
1813 2367 138 48 Schluß
1985 2369 118 47 ſprach
2136 2372 58 37 der
2226 2373 65 45 auf
2320 2375 58 34 der
2405 2369 204 47 Durchreiſe
2640 2377 72 29 von
2744 2373 58 32 der
2828 2367 85 39 Ver⸗

1600 2430 206 48 ſammlung
1847 2431 59 34 des
1950 2428 342 48 36er⸗Ausſchuſſes
2323 2429 36 38 in
2393 2427 130 49 Leipzig
2566 2427 205 44 anweſende
2804 2425 111 47 Abge⸗

1602 2490 142 36 ordnete
1787 2487 69 37 Dr.
1899 2485 182 38 Brater
2132 2483 84 41 über
2256 2487 51 37 die
2348 2485 172 45 Gründe,
2571 2490 71 33 aus
2694 2489 110 32 denen
2856 2485 58 35 der

1599 2545 152 46 deutſche
1792 2543 340 48 Abgeordnetentag
2174 2544 121 46 bisher
2334 2545 91 45 nicht
2466 2542 142 46 berufen
2653 2544 143 35 worden
2839 2543 74 34 und

1598 2600 84 41 über
1715 2601 49 39 die
1797 2600 282 49 Erwartungen,
2111 2602 122 46 welche
2265 2612 87 28 man
2387 2611 46 28 an
2468 2600 114 44 ſeinen
2608 2597 328 48 Zuſammentritt

1599 2661 36 38 in
1668 2658 196 49 Frankfurt
1894 2657 152 48 knüpfen
2079 2656 125 42 könne.
2260 2652 50 60 In
2370 2659 108 49 letzter
2510 2656 205 50 Beziehung
2748 2656 78 48 ſagt
2857 2656 57 37 der

1603 2718 162 38 Redner:

1665 2771 49 35 Es
1741 2770 85 46 giebt
1852 2769 104 45 gewiß
1984 2770 92 35 einen
2103 2771 134 39 Punkt,
2256 2761 25 60 in
2286 2771 116 34 dem
2428 2770 58 34 alle
2512 2768 180 45 diejenigen
2719 2767 87 46 einig
2832 2765 79 43 ſind,

1595 2817 109 38 welche
1731 2819 58 31 den
1815 2815 96 37 Sinn
1938 2815 52 41 für
2015 2817 95 35 Recht
2135 2820 67 30 und
2229 2816 139 43 Freiheit
2405 2815 53 43 ſich
2487 2816 143 39 bewahrt
2656 2814 113 41 haben,
2798 2813 114 43 mögen

1593 2862 39 40 ſie
1666 2862 83 44 ſonſt
1784 2866 34 30 in
1855 2866 51 30 der
1945 2862 162 41 deutſchen
2143 2863 103 43 Frage
2272 2866 51 32 der
2358 2864 90 32 einen
2484 2863 73 33 oder
2583 2863 139 32 anderen
2749 2859 162 42 Richtung

1591 2908 120 43 folgen.
1762 2909 49 34 Es
1846 2908 83 34 wird
1964 2909 83 38 nicht
2083 2910 48 33 die
2157 2909 151 43 Aufgabe
2341 2910 52 33 der
2419 2905 496 46 Abgeordnetenverſawmlung

1594 2955 73 39 ſein,
1694 2953 136 36 darüber
1857 2955 91 33 einen
1976 2955 184 40 Ausſpruch
2188 2964 35 34 zu
2251 2956 83 39 thun
2361 2957 73 31 was
2451 2963 37 33 zu
2506 2953 159 44 geſchehen
2692 2951 97 44 hätte,
2817 2957 96 28 wenn

1592 3001 86 34 einer
1716 3000 408 46 ſchleswig⸗holſteinſchen
2152 3001 371 43 Landesverſammlung
2563 3000 47 34 die
2629 3000 103 41 Frage
2751 2998 163 42 vorgelegt

1593 3048 127 34 würde:
1757 3047 60 33 wie
1852 3048 94 33 wollt
1979 3048 51 42 ihr
2065 3057 71 25 euer
2162 3045 197 45 Verhältniß
2392 3056 37 34 zu
2456 3045 151 43 Preußen
2645 3044 178 44 geſtalten?
2864 3044 49 34 Es

1592 3094 82 33 wird
1710 3093 83 36 nicht
1828 3093 48 34 die
1912 3092 150 43 Aufgabe
2097 3096 51 31 der
2182 3093 207 43 Frankfurter
2424 3092 251 42 Verſammlung
2709 3089 83 44 ſein,
2830 3090 85 33 einer

1591 3140 120 40 ſolchen
1740 3139 406 44 ſchleswig⸗holſteinſchen
2164 3138 369 43 Landesverſammlung
2551 3147 35 27 zu
2613 3137 117 44 ſagen
2756 3136 158 34 entweder

1589 3186 51 41 ihr
1667 3184 103 42 müßt,
1798 3194 56 25 um
1882 3194 87 26 eurer
1989 3186 118 41 Pflicht
2132 3195 36 33 zu
2195 3184 160 44 genügen,
2382 3193 90 27 eurer
2493 3184 117 40 Pflicht
2635 3192 96 35 gegen
2759 3180 151 42 Deutſch⸗

1593 3234 76 33 land
1695 3241 38 34 zu
1760 3230 167 45 genügen,
1963 3233 35 33 in
2025 3232 151 41 Preußen
2203 3230 179 46 aufgehen,
2419 3234 71 31 oder
2515 3231 51 37 ihr
2592 3228 93 42 müßt
2712 3227 195 44 wenigſtens

1592 3287 97 26 euren
1715 3277 105 36 Staat
1845 3279 35 33 in
1907 3281 60 31 den
1995 3277 205 45 allerengſten
2218 3277 153 35 Verband
2397 3278 60 33 mit
2482 3279 68 32 dem
2576 3274 199 44 preußiſchen
2804 3273 105 52 Staat

1594 3326 103 44 ſetzen,
1727 3329 72 29 oder
1826 3324 95 40 auch:
1948 3325 49 40 ihr
2023 3323 88 41 dürft
2137 3324 103 33 keines
2266 3331 64 25 von
2357 3323 108 34 beiden
2493 3322 102 42 thun,
2629 3322 51 39 ihr
2706 3319 93 42 müßt
2824 3320 88 42 jedes

1591 3369 245 45 Zugeſtändniß
1864 3379 42 24 an
1934 3370 150 42 Preußen
2112 3368 168 42 abweiſen.
2305 3388 45 5 —
2376 3368 76 35 Das
2486 3367 71 45 ſäge
2582 3367 53 42 ich,
2662 3365 73 42 darf
2758 3366 82 39 nicht
2865 3366 49 33 die

1591 3417 152 42 Aufgabe
1765 3419 51 30 der
1834 3407 210 56 Frankfurter
2067 3407 219 56 Verſammlung
2335 3414 75 41 ſein.
2445 3416 84 33 Aber
2556 3416 33 31 es
2608 3413 84 43 giebt
2718 3411 76 36 noch
2821 3411 91 34 einen

1596 3464 121 34 andern
1746 3461 257 42 Geſichtspunkt,
2045 3463 66 33 und
2130 3463 58 32 das
2214 3461 36 42 iſt
2276 3461 123 33 meines
2420 3460 175 36 Erachtens
2621 3462 52 32 der
2699 3458 129 43 einzige,
2855 3459 58 32 den

217 3483 59 39 ger
307 3468 130 42 Verein
469 3466 71 39 eine
571 3460 196 48 Thätigkeit
800 3459 60 42 hat
892 3454 171 48 entfalten
1105 3451 149 44 können,
1305 3445 121 54 welche
1450 3451 75 62 das

217 3516 175 59 Intereſſe
424 3535 47 28 an
503 3524 57 36 der
592 3521 119 42 Sache
730 3517 48 37 in
811 3520 57 33 der
901 3522 139 54 ganzen
1061 3505 118 73 Stadt
1212 3511 73 34 und
1317 3506 94 48 ſelbſt
1444 3500 88 75 über

219 3587 84 47 dieſe
336 3584 136 45 hinaus
503 3578 160 48 lebendig
697 3575 129 41 erhielt,
860 3573 60 43 hat
952 3571 125 47 freilich
1113 3576 113 55 ſeinen
1248 3560 132 74 Grund
1412 3561 119 72 darin,

221 3644 66 44 daß
336 3643 51 37 die
419 3635 228 46 Univerſität
678 3637 73 40 dem
783 3629 154 47 Vereine
987 3619 278 59 ausgezeichnete
1306 3617 132 74 Kräfte
1474 3621 90 47 für

225 3702 87 48 ſeine
352 3695 234 49 Wirkſamkeit
632 3692 95 45 ſtellt.
797 3688 90 38 Aber
933 3690 154 33 anderen
1139 3677 176 72 deutſchen
1363 3679 166 65 Städten

221 3761 87 46 fehlt
339 3763 35 33 es
407 3766 45 27 an
487 3751 178 45 ähnlichen
698 3745 150 46 Kräften
882 3743 102 45 nicht,
1010 3745 73 35 und
1116 3740 78 63 doch
1226 3738 39 49 iſt
1288 3738 72 64 faſt
1392 3737 171 55 überall

223 3818 51 39 die
306 3812 193 48 Thätigkeit
531 3814 54 33 der
618 3801 436 54 ſchleswig⸗holſteinſchen
1088 3797 147 39 Vereine
1268 3790 265 72 eingeſchlafen.

223 3859 117 56 Wenn
372 3871 83 44 dieſe
485 3866 186 46 Thatſache
701 3862 49 39 die
783 3857 269 48 Beharrlichkeit
1083 3859 60 35 des
1165 3849 180 71 Erlanger
1368 3853 163 63 Vereins

223 3944 62 29 um
318 3932 34 45 ſo
385 3926 160 45 löblicher
585 3924 123 43 macht,
757 3921 34 41 ſo
838 3918 36 46 iſt
923 3916 41 48 ſie
988 3925 82 54 um
1107 3914 34 44 ſo
1184 3906 255 74 bedauerlicher
1473 3909 93 38 als

220 3986 165 52 Zeugniß
425 3994 70 30 von
543 3985 75 34 dem
659 3978 191 49 ſchwachen
890 3970 202 58 politiſchen
1128 3970 115 66 Eruſt
1275 3979 48 52 im
1356 3963 178 74 deutſchen

217 4048 122 40 Volke.
370 4065 56 7 —
455 4041 73 41 Mit
561 4040 110 38 einem
705 4032 162 52 Hinweis
908 4031 142 45 darauf,
1103 4033 69 41 daß
1212 4030 51 35 die
1294 4020 241 72 Vereinsthä⸗

218 4105 114 48 tigkeit
364 4103 90 45 nicht
488 4099 91 43 ohne
611 4096 226 44 Bedeutung,
872 4084 93 57 nicht
987 4087 100 65 ohne
1115 4078 239 76 Einwirkung
1388 4083 68 65 auf
1481 4084 50 36 die

218 4160 260 47 Entſcheidung
525 4162 56 32 der
613 4152 168 47 Geſchicke
814 4140 407 70 Schleswig⸗Holſteins
1264 4142 52 45 ſei,
1366 4135 165 71 eröffnete

214 4215 322 51 Conſiſtorialrath
569 4213 70 38 Dr.
673 4210 182 40 Ebrard
888 4204 50 39 die
958 4203 179 64 Sitzung,
1167 4205 119 33 indem
1319 4208 34 28 er
1383 4192 146 72 zugleich

219 4277 52 39 die
303 4274 210 47 bedrohliche
544 4272 88 46 Lage
678 4272 57 35 der
766 4263 280 50 Herzogthümer
1087 4262 64 35 mit
1194 4261 76 61 dem
1304 4249 223 80 ſchrecklichen

222 4335 99 41 Ende
360 4333 94 38 eines
486 4331 211 40 Studenten
736 4326 58 35 der
844 4320 144 50 hieſigen
1021 4315 221 49 Univerſität
1283 4319 67 59 aus
1375 4305 156 77 Schles⸗

222 4388 250 52 wig⸗Holſtein
512 4384 160 49 verglich.
734 4381 76 40 Wie
849 4373 114 57 dieſer,
1013 4370 160 72 zwiſchen
1213 4367 82 58 zwei
1326 4364 203 74 Eismaſſen

225 4448 254 48 eingeklemmt,
512 4441 217 48 dahinſtarb,
772 4439 35 42 ſo
847 4437 69 45 ſehe
957 4443 87 28 man
1076 4424 64 74 die
1164 4429 273 65 Herzogthümer
1468 4419 65 53 mit

223 4507 115 42 ihrem
370 4512 159 30 warmen
562 4500 108 39 Leben
716 4495 83 47 auch
849 4489 199 65 eingepreßt
1087 4488 160 49 zwiſchen
1279 4488 57 34 der
1369 4478 167 73 eiskalten

225 4561 137 53 Politik
402 4560 119 49 zweier
561 4552 270 51 ſelbſtſüchtigen
874 4545 285 61 Großmächte.
1187 4536 95 57 Nach
1325 4532 211 73 Eröffnung

225 4624 62 37 der
320 4619 153 45 Sitzung
506 4615 172 42 erſtattete
708 4614 57 33 der
785 4606 154 46 Kaſſirer
971 4607 59 32 des
1062 4601 151 38 Vereins
1245 4598 66 61 Hr.
1330 4590 207 73 Schmidtill

227 4682 100 36 einen
360 4664 150 53 Bericht,
544 4675 69 34 aus
645 4672 77 34 dem
755 4665 65 39 wir
852 4653 253 59 hervorheben,
1154 4653 67 67 daß
1252 4657 50 35 die
1334 4652 205 43 Einnahme

228 4743 61 33 des
320 4734 152 41 Vereins
505 4729 59 48 ſich
608 4726 65 47 auf
712 4721 153 50 20.156
899 4720 36 47 fl.
970 4717 50 38 32
1053 4714 69 61 kr
1162 4718 51 34 die
1244 4710 197 48 Ausgaben
1476 4708 66 44 auf

229 4793 148 42 19,089
411 4792 36 49 fl.
485 4790 48 35 11
567 4786 48 39 kr.
650 4781 177 47 belaufen.
883 4769 152 73 Darauf
1056 4772 134 40 machte
1225 4768 207 45 Rechtsrath
1461 4766 73 40 Dr.

226 4848 257 50 Papellier
515 4841 284 48 Mittheilungen
834 4839 70 34 aus
937 4827 144 73 Briefen
1125 4822 231 76 angeſehener
1385 4818 153 56 Schles⸗

222 4906 298 50 wig⸗Holſteiner.
583 4898 69 41 Sie
683 4897 121 46 klagen
838 4892 86 40 über
954 4892 52 35 die
1037 4883 273 65 Bedrängniſſe,
1354 4886 107 34 denen
1490 4875 44 60 ſie

218 4964 249 49 preisgegeben
501 4962 149 37 werden,
702 4954 82 54 aber
820 4945 43 59 ſie
903 4943 155 73 ſprechen
1093 4944 85 45 auch
1211 4945 50 35 die
1291 4940 76 48 feſte
1398 4939 137 46 Zuver⸗

221 5027 75 45 ſicht
347 5027 69 33 aus
460 5018 65 45 auf
564 5021 65 33 den
677 5011 176 45 endlichen
896 5007 94 46 Sieg
1037 5003 93 45 ihrer
1178 4999 176 49 gerechten
1395 4993 139 54 Sache:

221 5083 82 44 dieſe
335 5080 40 49 ſei
406 5076 145 51 zugleich
591 5074 52 37 die
675 5069 119 41 Sache
825 5063 277 48 Deutſchlands,
1144 5058 143 45 welches
1329 5057 80 47 trotz
1441 5055 91 38 Alle⸗

222 5143 77 34 dem
332 5138 88 44 nicht
452 5139 76 34 dem
559 5126 291 48 Bismarck
740 5122 6 64 ’
751 5126 99 48 ſchen
885 5117 147 58 Syſtem
1061 5113 181 74 verfallen.
1264 5109 138 72 werde.
1439 5106 92 74 Aber

223 5197 52 38 die
307 5195 137 46 Gefahr
474 5190 55 49 ſei,
569 5187 66 46 daß
667 5182 184 42 Bismarck
892 5189 108 40 gegen
1042 5186 73 29 eine
1146 5168 142 58 mäßige
1320 5170 215 63 territoriale

223 5251 275 50 Vergrößerung
533 5244 185 49 Preußens
751 5242 57 44 ſich
841 5238 90 47 nicht
960 5236 140 63 ſcheuen
1134 5227 123 55 werde,
1283 5225 106 72 ſelbſt
1415 5222 118 74 Theile

223 5310 265 48 Deutſchlands
528 5306 155 46 fremden
726 5298 165 42 Mächten
934 5287 234 74 hinzugeben.
1239 5288 68 39 Die
1335 5281 200 75 nationale

220 5369 139 42 Maske,
390 5368 49 36 die
472 5365 79 41 doch
586 5359 173 46 Manchen
792 5354 144 48 täuſche,
969 5349 109 48 müſſe
1109 5347 74 49 ihm
1217 5344 191 50 abgeriſſen
1442 5352 87 29 wer⸗

222 5431 80 35 den.
336 5446 53 7 —
429 5424 76 38 Der
545 5413 422 52 Landtagsabgeordnete
1001 5405 180 50 Profeſſor
1221 5413 36 31 v.
1290 5397 242 74 Hoffmann

227 5485 79 40 hielt
338 5491 97 30 dann
468 5480 98 38 einen
599 5476 153 48 längern
785 5471 161 44 Vortrag
987 5465 87 40 über
1115 5464 50 38 die
1196 5456 102 73 Lage,
1341 5470 37 28 in
1411 5459 123 40 welche

230 5536 375 51 Schleswig⸗Holſtein
638 5532 102 46 durch
772 5530 50 38 die
844 5521 230 72 Salzburger
1095 5523 237 64 Convention
1367 5517 167 63 gerathen

229 5599 51 47 iſt.
341 5598 73 37 Der
447 5596 136 37 Redner
623 5590 165 40 verkennt
831 5586 89 42 nicht
959 5588 58 58 die
1042 5574 348 73 Verſchlimmerung
1432 5574 103 44 dieſer

229 5658 103 45 Lage,
365 5654 164 38 vertraut
561 5650 82 38 aber
676 5645 66 48 auf
769 5644 50 39 die
840 5634 439 70 Schleswig⸗Holſteiner,
1301 5636 68 42 daß
1401 5632 41 47 ſie
1474 5626 64 74 ſich

232 5715 89 39 nicht
354 5711 65 38 wie
449 5710 73 37 eine
555 5705 125 48 Heerde
712 5701 148 44 Schafe,
910 5700 118 39 welche
1073 5699 77 35 dem
1198 5695 136 47 gehört,
1386 5692 60 37 der
1471 5691 65 63 die

229 5774 88 44 letzte
337 5771 107 46 Hand
477 5765 65 43 auf
571 5764 40 47 ſie
642 5764 81 45 legt,
757 5763 135 35 werden
919 5755 195 48 behandeln
1148 5751 121 47 laſſen.
1317 5749 53 40 Er
1403 5745 132 52 ſchließt

232 5830 67 39 mit
331 5831 64 34 den
430 5825 169 39 Worten:

299 5883 49 32 In
385 5885 58 29 den
503 5876 104 35 Händen
642 5875 51 33 der
719 5865 485 52 Schleswig⸗Holſteiner
1124 5858 95 63 liegt
1238 5864 73 52 auch
1339 5862 93 42 heute
1457 5853 76 53 noch

226 5933 50 35 ir
295 5896 154 70 Beſchick
470 5875 101 105 Hann
609 5922 72 33 aber
717 5917 115 35 wollen
867 5916 98 36 ihnen
1003 5916 48 30 die
1074 5911 111 40 Hände
1210 5910 135 39 ſtärken!
1393 5907 145 44 Handelt

1596 3511 48 33 die
1679 3508 210 43 Frankfurter
1924 3507 247 42 Verſammlung
2207 3507 56 34 ins
2298 3507 93 43 Auge
2413 3504 52 46 zu
2499 3505 96 44 faſſen
2631 3505 65 42 hat.
2745 3504 57 41 Ich
2830 3503 81 34 kann

1560 3557 101 37 hier
1688 3553 222 44 wiederholen,
1939 3557 72 30 was
2037 3554 41 34 ich
2105 3555 34 33 in
2157 3553 124 43 Leipzig
2308 3553 104 44 geſagt
2438 3552 97 43 habe:
2562 3553 33 32 es
2611 3551 71 39 darf
2698 3551 75 38 nach
2790 3549 119 35 meiner

1561 3603 281 42 Ueberzeugung
1869 3600 117 34 keinem
2008 3599 161 41 deutſchen
2188 3600 98 34 Volke
2307 3602 71 31 oder
2395 3598 216 37 Volksſtamm
2632 3597 48 34 die
2691 3596 221 43 Zumuthung

1561 3647 169 44 gemacht
1756 3650 136 34 werden,
1920 3645 75 35 über
2022 3646 62 39 ſein
2109 3644 154 41 Schickſal
2289 3652 64 26 von
2381 3645 141 41 fremden
2544 3643 150 38 Mächten
2721 3641 189 43 entſcheiden

1561 3694 4 34 zu
1656 3692 106 44 laſſen,
1789 3692 30 43 ſo
1847 3693 71 33 oder
1944 3692 41 41 ſo,
2013 3692 82 35 ohne
2122 3691 81 41 ſeine
2224 3690 219 43 Mitwirkung
2462 3691 67 33 und
2551 3689 266 42 Einwillignng;
2845 3690 65 31 und

1593 3743 33 31 es
1661 3739 75 40 darf
1767 3739 218 42 ebenſowenig
2020 3738 101 34 einem
2155 3736 316 42 freiheitsliebenden
2507 3736 216 37 Volksſtamm
2761 3736 48 32 die
2845 3734 68 42 Zu⸗

1591 3786 166 41 muthung
1785 3786 138 43 gemacht
1948 3786 144 35 werden,
2130 3782 53 43 ſich
2220 3783 101 33 einem
2349 3783 122 35 Staate
2497 3781 253 44 anzuſchließen,
2778 3781 36 33 in
2841 3783 69 30 dem

1593 3835 61 31 das
1681 3831 172 43 Regiment
1870 3830 204 45 gehandhabt
2100 3830 93 41 wird,
2220 3830 59 33 das
2298 3828 221 44 gegenwärtig
2545 3828 34 34 in
2598 3826 150 43 Preußen
2768 3825 145 42 herrſcht.

1592 3878 76 35 Das
1702 3877 37 40 iſt
1774 3878 51 32 der
1851 3877 109 39 Punkt
1995 3886 42 24 m.
2063 3876 37 41 H.
2128 3876 33 33 in
2190 3878 69 30 dem
2285 3875 60 33 wir
2371 3875 85 42 einig
2484 3874 63 35 ſein
2575 3873 141 36 können,
2745 3871 159 44 gleichviel

1593 3912 125 58 welcher
1738 3922 102 41 Partei
1869 3912 59 58 wir
1940 3922 193 44 angehören,
2162 3924 67 30 und
2257 3922 61 32 das
2345 3921 37 37 iſt
2403 3921 52 34 der
2475 3919 184 44 Ausſpruch
2686 3919 34 34 in
2749 3922 68 30 dem
2844 3916 66 45 ſich,

1594 3971 59 34 wie
1680 3969 40 38 ich
1747 3969 129 43 glaube,
1904 3968 74 38 auch
2006 3968 47 34 die
2079 3967 210 43 Frankfurter
2315 3965 253 44 Verſammlung
2595 3965 128 45 einigen
2751 3964 93 34 wird.

1663 4017 48 34 Es
1736 4015 45 40 iſt,
1808 4015 103 33 meine
1929 4015 130 42 Herren,
2082 4016 58 31 uns
2158 4013 146 42 zuweien
2333 4013 110 41 geſagt
2469 4014 131 32 worden
2628 4020 64 25 von
2719 4014 58 30 den
2805 4011 101 33 unbe⸗

1592 4063 134 42 dingten
1753 4060 203 43 Anhängern
1984 4064 52 29 der
2063 4059 258 38 Bismarck’ſchen
2346 4058 138 41 Politik:
2512 4059 49 37 ihr
2588 4057 115 40 ſprecht
2730 4057 75 35 ſtets
2833 4065 62 24 nur

1593 4117 75 25 vom
1695 4106 432 43 Selbſtbeſtimmungsrecht
2161 4108 54 31 des
2249 4103 423 44 ſchleswig⸗holſteinſchen
2707 4102 101 35 Volks
2843 4102 68 34 und

1592 4155 79 37 ſtellt
1705 4155 61 32 das
1794 4153 76 35 über
1895 4154 81 32 alles
2003 4154 130 38 andere;
2161 4151 93 41 müßt
2279 4152 50 39 ihr
2356 4153 84 30 denn
2468 4150 82 37 nicht
2575 4150 160 42 zugeben,
2763 4147 60 41 daß
2850 4149 60 32 das

1593 4198 369 42 ſchlesw.⸗holſteinſche
1989 4198 79 35 Volk
2102 4198 95 42 ſelber
2223 4206 63 25 nur
2313 4198 50 33 der
2388 4196 92 38 Theil
2506 4197 88 32 eines
2620 4194 139 44 größern
2777 4195 133 41 Ganzen

1591 4247 48 42 iſt,
1666 4249 67 31 und
1761 4245 60 40 daß
1848 4247 52 31 der
1926 4244 95 34 Wille
2056 4247 69 29 und
2152 4246 61 31 das
2241 4242 185 42 Bedürfniß
2461 4242 100 40 dieſes
2596 4240 153 46 größereu
2777 4241 134 41 Ganzen

1592 4294 73 35 auch
1692 4291 53 43 für
1772 4293 61 32 das
1868 4291 138 41 einzelne
2031 4290 95 35 Glied
2169 4289 202 37 beſtimmend
2407 4288 64 39 ſein
2497 4287 102 41 muß?
2635 4287 60 34 wie
2728 4286 98 35 könnt
2861 4286 50 42 ihr

1594 4338 86 40 alſöo,
1717 4344 96 28 wenn
1852 4337 120 33 einmal
1999 4344 237 35 angenommen
2263 4336 126 33 werden
2416 4335 97 41 muß,
2551 4333 62 42 daß
2639 4333 68 34 eine
2733 4341 77 34 enge
2835 4331 80 35 Ver⸗

1596 4385 149 41 bindung
1771 4385 53 31 der
1849 4381 258 45 Herzogthümer
2142 4382 59 33 mit
2235 4380 154 41 Preußen
2425 4382 68 33 dem
2529 4380 192 34 nationalen
2755 4376 159 44 Intereſſe

1595 4430 165 41 entſpricht
1794 4431 68 31 und
1898 4438 62 24 von
1997 4427 66 37 ihm
2091 4428 157 44 gefordert
2275 4428 92 36 wird,
2394 4427 60 33 wie
2479 4425 101 35 könnt
2605 4425 50 42 ihr
2681 4425 60 33 mit
2768 4427 52 31 der
2846 4424 64 34 Be⸗

1595 4476 124 41 rufung
1753 4474 57 40 auf
1844 4475 59 33 das
1929 4473 432 43 Selbſtbeſtimmungsrecht
2395 4473 51 33 der
2473 4471 250 43 Herzogthümer
2749 4471 69 33 dem
2845 4471 68 32 ent⸗

1599 4522 201 43 gegentreten
1826 4520 142 34 wollen?
2017 4519 133 39 Darauf
2174 4518 70 39 läßt
2269 4517 54 42 ſich
2351 4519 62 33 wol
2439 4518 152 42 zweierlei
2617 4518 204 37 antworten,
2848 4515 66 33 ein⸗

1599 4567 67 32 mal
1691 4566 66 31 und
1785 4572 56 26 vor
1868 4564 104 33 Allem
1999 4564 60 41 daß
2086 4566 33 31 es
2145 4563 32 42 ja
2203 4563 99 41 höchſt
2328 4562 192 41 zweifelhaft
2547 4562 47 40 iſt,
2622 4563 38 32 ob
2687 4562 35 33 in
2749 4562 51 32 der
2827 4560 86 39 That

1600 4612 50 32 ein
1677 4609 189 34 nationales
1891 4607 156 42 Intereſſe
2084 4609 47 32 die
2157 4609 59 32 Art
2242 4610 51 32 der
2320 4608 174 43 Einigung
2520 4607 140 40 fordert,
2698 4606 47 33 die
2772 4613 65 26 von
2863 4607 50 31 der

1601 4654 259 42 Bismarck’ſchen
1884 4653 123 40 Politik
2032 4653 125 39 erſtrebt
2182 4653 94 34 wird.
2310 4653 86 35 Auch
2417 4652 209 42 Diejenigen,
2652 4651 109 38 welche
2788 4652 33 30 es
2848 4649 65 41 ſehr

1600 4701 136 38 ernſtlich
1765 4702 67 32 und
1859 4699 170 43 aufrichtig
2065 4699 60 33 mit
2159 4699 51 33 der
2237 4698 187 39 Wohlfahrt
2447 4699 68 31 des
2542 4696 198 41 preußiſchen
2769 4696 140 34 Staates

1599 4747 138 42 meinen,
1766 4745 122 34 können
1916 4744 258 44 demungeachtet
2210 4746 50 32 der
2285 4742 127 43 Anſicht
2445 4742 85 42 ſein,
2566 4743 60 41 daß
2652 4742 49 34 die
2726 4740 188 43 Wohlfahrt

1599 4793 98 40 dieſes
1724 4792 142 35 Staates
1893 4790 58 41 auf
1975 4792 67 32 dem
2069 4790 96 43 Wege
2191 4793 50 31 der
2268 4789 259 39 Bismarck’ſchen
2556 4788 124 38 Politik
2706 4788 59 33 mit
2792 4786 121 37 nichten

1600 4840 158 40 gefördert
1793 4838 99 35 wird,
1929 4840 66 30 und
2032 4836 47 34 die
2114 4835 170 42 wärmſten
2311 4835 176 42 Anhänger
2514 4837 51 31 der
2592 4833 159 44 deutſchen
2779 4832 133 39 Einheit

1595 4887 128 34 können
1760 4886 51 33 der
1852 4882 92 42 feſten
1971 4883 246 42 Ueberzeugung
2246 4881 84 41 ſcin,
2365 4881 61 42 daß
2453 4880 57 40 auf
2535 4884 68 30 dem
2630 4879 97 42 Wege
2755 4881 51 31 der
2832 4878 82 35 Bis⸗

1597 4931 184 42 marckſchen
1808 4929 121 41 Politik
1954 4937 69 26 nun
2049 4929 66 33 und
2142 4926 225 43 nimmermehr
2394 4927 48 33 die
2467 4925 137 42 deutſche
2631 4925 132 43 Einheit
2789 4924 124 36 erreicht

1598 4979 95 35 wird.
1743 4977 123 35 Davon
1903 4975 73 34 aber
2003 4974 190 43 abgeſehen,
2232 4976 33 31 es
2300 4973 37 39 iſt
2373 4972 102 44 gewiß
2502 4972 90 38 wahr
2619 4973 66 32 und
2713 4969 199 44 unläugbar,

1597 5024 61 43 daß
1686 5023 80 39 nicht
1791 5023 58 33 das
1876 5020 137 42 einzelne
2039 5020 95 36 Glied
2170 5022 60 33 das
2255 5019 94 37 Recht
2384 5019 75 41 hat,
2497 5019 95 33 allein
2620 5019 67 32 und
2714 5016 52 41 für
2792 5014 54 42 ſich
2873 5025 37 30 zu

1596 5070 203 41 entſcheiden,
1825 5075 49 26 wo
1901 5070 34 31 es
1961 5065 53 43 ſich
2041 5076 57 25 um
2123 5066 48 34 die
2197 5066 178 42 Jatereſſen
2403 5066 55 33 des
2485 5065 132 43 Ganzen
2645 5063 141 41 handelt.
2833 5062 79 40 Hier

1597 5118 101 39 haben
1726 5110 47 39 die
1800 5115 133 42 Organe
1958 5115 54 31 des
2040 5114 133 41 Ganzen
2200 5121 57 26 vor
2283 5112 93 34 allem
2402 5112 60 33 das
2488 5110 94 44 Recht
2608 5111 67 32 und
2702 5109 48 34 die
2777 5108 129 42 Pflicht,

1594 5165 51 38 ihr
1671 5162 253 42 entſcheidendes
1939 5159 96 38 Wort
2059 5159 35 33 in
2121 5160 48 32 die
2186 5157 182 44 Wagſchale
2393 5166 36 35 zu
2450 5157 100 44 legen,
2577 5158 68 32 und
2671 5163 94 26 wenn
2768 5149 38 62 es
2854 5153 54 40 ſich

1596 5210 65 41 alſo
1688 5218 56 25 um
1771 5208 47 34 die
1843 5204 180 43 Intereſſen
2044 5204 237 39 Deutſchlands
2307 5204 33 33 in
2369 5204 109 44 Bezug
2504 5202 59 41 auf
2587 5203 49 33 die
2654 5200 256 44 Herzogthümer

1597 5256 143 43 handelt,
1770 5258 31 36 ſo
1828 5254 35 39 iſt
1891 5252 48 33 die
1964 5251 136 40 deutſche
2118 5250 123 35 Nation
2256 5250 205 42 mitberufen,
2487 5250 49 34 ein
2552 5248 248 41 entſcheidendes
2819 5246 95 53 Wort

1598 5300 255 45 mitzuſprechen.
1903 5297 84 36 Aber
2013 5304 50 26 wo
2090 5296 37 43 iſt
2152 5299 82 31 denn
2260 5297 50 34 die
2337 5295 140 45 legitime
2491 5293 421 44 Vertretung
2699 5289 60 60 der
2779 5293 133 44 Nation,

1597 5351 51 32 der
1674 5348 60 34 wir
1760 5346 47 34 die
1832 5343 151 46 Aufgabe
2022 5343 156 43 zuweiſen
2203 5342 159 40 könnten,
2398 5341 97 39 dieſes
2521 5342 94 34 Wort
2639 5341 44 33 im
2710 5339 126 35 Namen
2863 5340 51 32 der

1596 5395 124 34 Nation
1745 5390 192 44 rechtmäßig
1972 5398 38 34 zu
2037 5387 164 45 ſprechen?
2235 5388 76 35 Das
2347 5388 137 39 deutſche
2509 5387 196 41 Parlament
2739 5384 86 36 wäre
2853 5385 59 33 das

1597 5443 131 42 Organ,
1757 5441 69 32 dem
1853 5438 33 33 in
1913 5439 69 31 dem
2007 5433 127 46 jetzigen
2151 5434 190 44 Augenblick
2366 5436 51 33 der
2434 5433 105 40 Beruf
2556 5431 137 45 zukäme,
2720 5430 191 53 gemeinſam

1595 5489 61 33 mit
1691 5488 68 31 dem
1787 5484 192 40 Oberhaupt
2015 5485 51 32 der
2099 5481 161 41 deutſchen
2287 5480 146 39 Nation,
2467 5481 35 33 es
2539 5479 118 36 möchte
2683 5477 138 44 gebildet
2846 5475 64 43 ſein

1596 5534 66 34 und
1687 5532 112 42 heißen
1829 5530 59 33 wie
1915 5531 34 32 es
1976 5528 104 40 wolle,
2106 5528 93 35 Recht
2233 5537 37 32 zu
2295 5526 140 43 ſprechen
2473 5526 76 34 über
2583 5526 49 33 die
2658 5525 167 42 Ordnung
2860 5523 51 33 der

1597 5578 180 41 ſtaatlichen
1814 5576 112 42 Dinge
1960 5575 33 33 in
2023 5573 348 42 Schlesw.⸗Holſtein,
2408 5572 30 40 ſo
2474 5572 75 34 weit
2583 5570 39 41 ſie
2657 5572 60 33 das
2742 5568 170 35 nationale

1598 5623 156 45 Intereſſe
1781 5621 157 36 berühren
1970 5640 16 6 —
2008 5621 73 34 aber
2107 5622 59 32 das
2178 5620 194 39 Parlament
2397 5618 38 40 iſt
2460 5618 83 37 nicht
2568 5619 51 39 da,
2646 5617 62 33 das
2721 5615 190 40 Oberhaupt

1597 5675 51 31 der
1675 5670 161 39 deutſchen
1863 5667 125 36 Nation
2016 5666 38 41 iſt
2080 5667 81 34 nicht
2189 5668 49 41 da,
2266 5668 67 31 und
2356 5665 163 36 Niemand
2540 5662 54 43 ſoll
2620 5665 67 31 uns
2708 5662 71 37 doch
2806 5661 103 43 ſagen,

1597 5718 60 40 daß
1683 5717 49 34 die
1759 5713 233 48 öſterreichiſche
2018 5712 185 45 Regierung
2230 5714 68 32 und
2325 5710 79 39 Herr
2429 5719 28 28 v.
2485 5709 165 35 Bismarck
2675 5708 49 34 die
2742 5707 168 53 Befugniß

1597 5764 123 43 hätten,
1745 5763 33 34 im
1782 5762 125 35 Namen
1921 5762 51 31 der
1985 5759 159 39 deutſchen
2159 5758 122 34 Nation
2295 5760 56 30 den
2363 5755 272 44 Herzogthümern
2648 5754 263 43 vorzuſchreiben,

1600 5813 72 33 was
1700 5808 38 40 ſie
1773 5809 44 33 im
1845 5805 160 40 deutſchen
2032 5803 157 44 Intereſſe
2226 5813 35 33 zu
2297 5803 83 41 thun
2415 5804 67 33 und
2517 5811 37 34 zu
2591 5801 97 41 laſſen
2721 5799 192 43 verpflichtet

1598 5856 130 37 wären!
1802 5853 77 40 Alſo
1905 5851 95 41 dieſer
2028 5852 180 40 Einwand,
2246 5852 58 32 den
2340 5858 77 25 man
2454 5847 127 41 unſerer
2607 5847 224 42 Behauptung
2858 5846 55 52 des

1598 5897 452 47 Selbſtbeſtimmungsrechts
2077 5895 238 45 entgegenhält,
2341 5893 121 43 zerfällt
2486 5895 35 33 in
2533 5893 122 39 Nichts,
2681 5892 31 43 ſo
2740 5892 94 42 lange
2853 5897 61 28 wir

229 5982 32 31 es
289 5976 52 45 ſich
369 5973 72 42 doch
469 5980 55 25 um
551 5968 94 43 unſer
672 5963 135 45 Geſchick
834 5960 81 38 nicht
939 5958 135 40 minder,
1102 5957 51 32 als
1183 5964 54 24 um
1263 5958 60 31 das
1347 5955 78 40 ihre.
1466 5952 66 36 Die

231 6037 398 33 A

232 6070 360 18 —

1116 6025 42 15 *“

1082 6051 136 8 —

649 6062 201 11 —
857 6053 223 15 —

613 6166 24 72 —
692 6175 113 59 Zwei
836 6170 322 55 Verbindungen.

234 6272 79 36 Nach
339 6275 67 32 dem
431 6264 191 49 Engliſchen
650 6270 63 25 von
741 6258 139 36 Clara
907 6248 348 43 Schwanthaler
1281 6248 67 32 und
1374 6246 38 42 H.
1432 6246 108 35 Beta

763 6324 250 46 (Fortſetzung.)

787 6405 134 44 Kapitel
945 6404 46 35 X.

715 6468 328 45 Unerwartet.

322 6563 62 40 So
415 6562 138 48 ſtanden
586 6558 39 46 ſie
657 6557 119 47 lange,
809 6550 129 41 Keiner
971 6544 102 46 brach
1106 6546 69 62 das
1208 6538 232 65 Schweigen.
1471 6538 68 40 Die

235 6621 112 45 Nacht
381 6630 75 29 war
487 6619 60 47 ſtill
580 6620 70 35 und
684 6614 116 41 milde,
833 6620 87 28 man
954 6603 99 47 hörte
1087 6602 113 44 nichts
1234 6600 59 38 als
1335 6601 55 61 die
1423 6588 117 75 Muſik

236 6689 84 29 vom
352 6677 181 46 Ballſaale
564 6676 55 37 her
650 6674 73 38 und
757 6671 53 38 ein
851 6666 99 46 leiſes
992 6660 182 49 Rauſchen
1220 6660 58 36 der
1319 6655 147 39 Blätter
1507 6664 34 28 in

234 6741 65 34 den
333 6735 166 46 Büſchen.
561 6733 88 37 Aber
666 6728 212 47 Schweigen
898 6724 38 47 iſt
970 6721 49 47 oft
1036 6720 154 63 beredter
1210 6717 57 37 als
1287 6715 66 37 alle
1381 6711 163 47 Sprache

237 6797 74 35 und
342 6794 34 38 in
409 6792 130 47 ſolchen
572 6786 248 51 Augenblicken
855 6780 124 45 bedarf
1018 6785 32 32 es
1070 6776 139 41 keiner
1248 6772 106 39 Nede.
1438 6769 106 44 Jeder

237 6855 58 35 der
325 6851 115 39 beiden
472 6851 69 41 hier
572 6848 109 39 neben
714 6846 167 38 einander
908 6837 211 46 Stehenden
1168 6832 132 41 kannte
1334 6838 117 41 genau
1473 6822 70 74 des

233 6912 161 37 Anderen
429 6906 203 46 Gedanken,
665 6906 92 37 ohne
788 6899 68 45 daß
888 6896 130 48 jemals
1051 6894 53 39 ein
1155 6886 114 76 Wort
1311 6897 73 56 von
1443 6884 98 41 Liebe

235 6968 190 49 gewechſelt
457 6968 156 36 worden.
691 6962 92 38 Lord
815 6959 104 48 Lynn
951 6952 112 50 fühlte
1108 6950 183 39 Aurelia’s
1319 6947 222 65 Zitternden

234 7029 88 37 Arm
355 7025 63 43 auf
446 7026 76 36 dem
554 7021 152 49 ſeinigen
739 7020 74 36 und
846 7017 143 47 begann
1016 7009 126 51 zuerſt:
1180 7001 185 73 „Aurelia,
1398 7004 46 43 ich
1479 7003 62 37 bat

235 7085 81 40 Sie,
351 7083 66 39 mir
450 7081 133 48 hierher
614 7090 41 38 zu
687 7079 133 46 folgen,
861 7073 80 39 weil
988 7069 46 44 ich
1083 7067 125 44 Ihnen
1259 7064 107 39 allein
1424 7065 116 35 etwas

231 7144 108 46 ſagen
372 7141 130 39 wollte.
562 7137 155 41 Können
738 7128 78 66 Sie
837 7137 52 33 es
921 7124 213 50 errathen?“

319 7198 106 41 Keine
456 7198 187 38 Antwort.
704 7192 71 44 Ihr
795 7189 95 45 Kopf
919 7196 79 30 war
1019 7183 216 50 abgewandt
1267 7184 73 37 und
1373 7180 40 48 ſie
1431 7178 112 41 blickte

233 7258 208 49 ſchweigend
473 7256 36 38 in
542 7257 65 34 den
639 7249 151 46 dunkeln
824 7247 141 39 Garten
999 7243 222 61 hinaus.

327 7315 85 43 „Ich
444 7310 84 48 muß
561 7309 92 40 mein
687 7305 171 47 Schickſal
890 7303 176 45 erfahren,
1100 7299 159 44 Aurelia,
1292 7304 86 38 muß
1409 7295 131 49 wiſſen,

234 7371 48 40 ob
316 7369 94 39 mein
439 7366 302 51 Herzenswunſch
774 7360 120 48 erfüllt
924 7363 138 36 werden
1094 7358 109 39 kann.
1274 7354 128 51 Längſt
1441 7356 100 46 ſchon

230 7428 127 41 wollte
390 7426 45 46 ich
467 7426 62 38 mit
559 7426 124 42 Ihnen
716 7424 115 39 reden,
864 7419 82 38 aber
985 7417 52 39 die
1076 7416 129 48 Furcht
1252 7411 288 53 zurückgewieſen

227 7500 47 38 zu
307 7488 149 38 werden,
488 7482 147 49 ſchreckte
667 7480 84 46 mich
785 7479 59 37 ab.
907 7476 52 41 Es
992 7474 37 50 iſt
1059 7473 52 39 die
1138 7475 79 42 alte,
1250 7474 69 39 alte
1351 7465 192 73 Geſchichte

231 7544 167 44 Aurelia,
430 7540 52 38 die
513 7540 56 47 ſich
602 7538 123 48 täglich
759 7537 36 37 in
827 7537 58 36 der
924 7533 93 40 Welt
1058 7531 220 45 wiederholt.
1348 7529 64 46 Ich
1459 7528 84 40 liebe

237 7607 70 37 Sie
338 7623 57 7 —
427 7597 89 47 habe
549 7596 68 40 Sie
649 7598 97 45 ſchon
790 7594 107 47 lange
941 7590 138 49 geliebt.
1149 7586 154 42 Können
1345 7588 84 43 auch
1473 7580 69 55 Sie

232 7663 89 42 mich
353 7656 138 42 lieben?
525 7653 126 40 wollen
682 7654 69 38 Sie
782 7650 106 46 mein,
920 7649 94 41 mein
1047 7646 98 42 Weib
1175 7646 190 40 werden?“

319 7719 91 39 Lord
442 7715 103 50 Lynn
577 7712 116 47 ſprach
723 7712 73 36 dies
827 7708 124 49 haſtig,
983 7706 39 39 in
1056 7704 251 50 gedämpftem,
1337 7703 206 50 zitterndem

233 7778 111 44 Tone,
376 7774 116 49 jenem
514 7768 262 42 wunderbaren
795 7766 113 45 Tone,
941 7768 66 35 den
1039 7764 52 37 die
1109 7762 186 58 Menſchen
1317 7762 49 43 im
1398 7762 145 47 Augen⸗

235 7836 95 38 blicke
362 7831 149 49 höchſter
542 7828 194 47 Erregung
767 7823 234 49 unberauſcht
1026 7821 205 46 annehmen
1263 7823 73 35 und
1368 7823 59 35 der
1459 7818 84 44 noch

235 7895 101 41 mehr
369 7891 88 49 ſagt,
491 7888 58 38 als
581 7884 52 40 die
665 7882 124 41 Worte
821 7881 107 47 ſelbſt.

322 7942 108 47 Wäre
462 7946 55 38 ein
549 7942 164 48 Lauſcher
745 7940 36 39 in
823 7941 57 35 der
921 7936 102 49 Nähe
1070 7936 172 50 geweſen,
1283 7935 34 49 ſo
1358 7933 96 46 hätte
1510 7944 34 27 er

231 8010 90 46 jedes
358 8006 105 40 Wort
494 8001 212 48 vernehmen
738 7997 164 46 können;
936 7995 82 41 aber
1050 7995 40 46 ſie
1120 8004 125 31 waren
1278 7992 119 41 allein.
1436 7993 107 40 Laut⸗

231 8070 56 37 los
320 8070 61 47 lag
415 8066 60 43 der
507 8060 140 42 Garten
679 8059 57 48 da,
770 8055 98 55 ſelbſt
898 8056 67 54 das
997 8052 163 55 Säuſeln
1179 8055 59 37 der
1270 8050 147 45 Blätter
1449 8050 96 49 hatte

232 8124 206 54 aufgehört.

1319 6030 271 14 D

1309 6051 267 10 —

1597 5950 14 35 6

2193 6029 128 20 —

1731 6044 113 9 —

1726 6076 55 48 och
1815 6073 100 49 ſtand
1948 6070 148 41 Aurelia
2130 6070 219 47 abgewandt
2381 6070 71 35 und
2485 6067 153 47 ſchwieg.
2698 6059 124 56 Mochte
2852 6063 62 42 ihr

1600 6134 179 45 Triumph
1812 6132 85 40 über
1930 6130 92 41 Lord
2056 6127 135 52 Lynn’s
2213 6125 206 47 Erklärung
2454 6127 82 40 auch
2569 6123 55 40 ein
2655 6125 86 41 noch
2775 6123 35 46 ſo
2832 6132 80 38 gro⸗

1601 6194 56 46 ßer
1689 6194 82 47 ſein,
1806 6192 35 47 ſo
1875 6188 120 48 mußte
2027 6187 59 48 ſich
2120 6179 154 48 dennoch
2307 6184 51 37 ein
2393 6183 142 38 bitterer
2574 6181 159 48 Tropfen
2776 6178 137 65 hinein⸗

1566 6253 193 48 miſchen.
1822 6249 157 39 Warum
2010 6246 120 44 ruhete
2162 6243 71 46 ihre
2266 6241 77 48 eiſig
2375 6240 89 38 kalte
2494 6240 106 45 Hand
2640 6240 35 46 ſo
2719 6239 123 44 ſchwer
2874 6247 35 28 in

1567 6300 90 49 der
1688 6310 95 45 ihres
1817 6307 191 43 Anbeters,
2051 6311 144 30 warum
2243 6298 218 48 überrieſelte
2501 6297 41 47 ſie
2581 6297 49 38 im
2685 6294 227 49 Augenblicke

1603 6366 150 53 höchſten
1789 6362 147 44 Glückes
1970 6363 52 39 ein
2057 6360 177 46 Schauer,
2252 6366 145 31 warum
2428 6354 246 46 murmelte
2624 6348 50 75 ſie
2705 6354 63 47 faſt
2791 6352 117 65 angſt⸗

1601 6427 71 38 voll
1704 6428 67 37 das
1804 6424 106 40 Wort
1946 6418 172 44 „Weib?“
2185 6416 117 42 Einen
2336 6412 210 50 Augenblick
2576 6414 161 46 zauderte
2776 6410 52 48 ſie,
2860 6413 51 35 die

1599 6484 107 45 Hand
1740 6482 259 49 anzunehmen,
2034 6478 85 44 nach
2152 6480 59 34 der
2242 6474 41 49 ſie
2301 6471 142 50 geſtrebt
2476 6470 115 45 hatte;
2624 6470 82 38 aber
2724 6470 58 37 der
2805 6467 106 48 Hafen

1601 6545 57 35 der
1690 6540 112 46 Ruhe,
1836 6542 57 35 der
1925 6537 59 47 ſich
2017 6536 53 41 ihr
2105 6534 156 45 aufthat,
2293 6540 82 29 war
2417 6529 36 47 ſo
2503 6527 139 48 ſonnig,
2682 6527 36 47 ſo
2760 6527 150 44 lachend,

1600 6598 35 47 ſo
1668 6599 109 45 ſicher.
1809 6618 56 7 —
1895 6597 108 46 Hatte
2035 6594 41 48 ſie
2107 6592 130 47 jemals
2270 6587 151 46 Unrecht
2454 6586 143 48 gethan,
2640 6585 35 48 ſo
2713 6583 131 40 konnte
2866 6578 44 58 ſie

1603 6655 57 47 ſich
1693 6654 69 49 jetzt
1802 6664 63 29 vor
1906 6653 156 39 weiterm
2096 6650 148 45 Unrecht
2278 6646 202 43 bewahren.

1688 6712 134 40 Wieder
1854 6712 112 44 nahm
1998 6710 90 39 Lord
2120 6708 104 51 Lynn
2265 6705 216 39 beklommen
2522 6702 67 37 das
2631 6699 124 40 Wort:
2823 6697 87 46 „Ich

1602 6767 108 45 weiß“
1747 6770 94 47 ſagte
1872 6780 46 34 er,
1954 6767 93 47 „daß
2079 6766 45 48 ich
2157 6766 111 45 Ihrer
2299 6762 91 46 nicht
2422 6756 142 50 würdig
2598 6757 76 41 bin.
2734 6757 65 43 Ich
2821 6755 88 49 habe

1603 6825 49 39 die
1684 6826 108 45 beſten
1824 6826 115 44 Jahre
1969 6826 133 39 meiner
2133 6824 146 48 Jugend
2311 6816 132 51 unnütz
2475 6816 193 44 verbracht,
2710 6815 59 38 bin
2803 6813 105 47 ruhe⸗

1602 6884 58 38 los
1692 6883 342 48 umhergewandert,
2070 6882 92 47 ohne
2183 6872 112 63 meine
2317 6877 104 45 Kraft
2451 6876 73 37 und
2553 6873 113 39 meine
2682 6870 226 50 Fähigkeiten

1599 6951 41 40 zu
1673 6936 134 54 nützen.
1867 6941 86 48 Jetzt
1984 6940 106 48 hoffte
2122 6940 58 46 ich
2214 6939 37 39 in
2286 6936 133 40 meiner
2451 6932 142 47 eigenen
2635 6930 179 47 Heimath,
2859 6939 49 29 an

1599 6999 121 48 Ihrer
1744 6982 127 69 Seite,
1894 6982 179 69 Aurelia,
2088 6998 105 43 durch
2238 6995 70 41 Sie
2353 6986 214 53 unterſtützt,
2609 6989 67 37 das
2716 6988 194 38 Verlorene

1600 7055 237 51 nachzuholen
1871 7060 73 34 und
1977 7056 151 38 meinem
2158 7054 224 41 Vaterlande
2413 7057 74 31 von
2520 7041 158 73 einigem
2703 7038 129 74 Nutzen
2859 7054 48 54 zu

1601 7115 84 51 ſein.
1747 7112 63 47 Ich
1844 7112 81 45 ſehe,
1958 7117 34 33 es
2025 7121 78 30 war
2144 7112 54 39 ein
2239 7112 142 39 Traum
2435 7128 55 7 —
2546 7104 69 40 Sie
2656 7102 111 39 lieben
2823 7103 86 44 mich

1602 7174 91 45 nicht
1726 7192 54 7 —
1812 7168 70 40 Sie
1915 7169 120 46 halten
2067 7170 85 45 mich
2184 7170 109 44 Ihrer
2324 7167 92 44 nicht
2448 7161 166 49 würdig“
2650 7182 57 10 —

1694 7228 145 43 „Still“
1876 7227 93 48 ſagte
2001 7226 158 46 Aurelia,
2190 7228 59 47 ſich
2282 7225 124 49 ſchnell
2438 7233 41 39 zu
2511 7221 73 44 ihm
2616 7219 192 43 wendend,
2848 7216 65 39 mit

1601 7289 191 43 wirklicher
1824 7285 212 47 Bewegung
2068 7286 73 37 und
2174 7286 229 48 gebrochener
2444 7279 177 43 Stimme,
2675 7274 114 47 „nicht
2829 7273 84 47 dieſe

1602 7349 136 42 Worte,
1775 7344 41 50 ſie
1850 7339 182 42 bedrückeu
2063 7341 99 46 mich.
2225 7342 70 39 Sie
2327 7342 73 47 ſind
2434 7337 123 46 werth,
2592 7334 100 49 mehr
2723 7342 40 40 zu
2796 7332 118 49 erhal⸗

1602 7413 72 40 ten,
1710 7406 57 39 als
1800 7402 47 47 ich
1881 7400 106 49 geben
2020 7398 131 39 kann.“

1691 7463 90 43 „So
1815 7458 123 51 fühlen
1970 7455 70 41 Sie
2078 7454 58 49 für
2175 7454 109 48 mich?

1600 7524 98 47 Darf
1729 7523 47 45 ich
1811 7515 168 52 hoffen?“
2659 7564 7 7 .

1691 7582 88 46 „Ja,
1813 7587 105 31 wenn
1952 7579 37 34 es
2021 7571 71 42 Sie
2124 7571 147 46 wirklich
2306 7568 157 52 glücklich
2496 7569 127 43 macht,
2657 7572 76 41 ja.“

1687 7641 89 39 Lord
1809 7638 105 49 Lynn
1948 7630 209 48 umſchlang
2189 7628 62 49 ſie;
2283 7639 34 29 er
2347 7640 62 38 zog
2442 7629 42 48 ſie
2493 7622 35 69 zu
2574 7626 60 49 ſich
2649 7624 92 66 „und
2775 7621 68 49 gab
2861 7621 54 43 ihr

1600 7698 50 39 die
1682 7696 152 48 füßeſten
1867 7692 272 42 Liebesnamen.
2204 7685 123 43 „Sein
2359 7686 109 49 eigen,
2501 7685 70 50 ſein
2592 7684 153 50 ſchönes,
2776 7679 139 47 pracht⸗

1604 7756 114 40 volles
1750 7751 146 44 Weib!“
2665 7798 7 9 G

1686 7813 92 40 Aber
1807 7810 151 51 plötzlich
1990 7805 158 49 erblaßte
2179 7802 160 41 Aurelia,
2374 7802 58 39 als
2464 7801 80 47 ſähe
2573 7801 42 49 ſie
2645 7810 56 30 ein
2734 7794 181 50 Geſpenſt,

1602 7873 73 43 und
1708 7873 85 45 nach
1826 7874 76 36 dem
1937 7868 144 42 Garten
2112 7864 150 49 zeigend,
2304 7860 67 47 rief
2399 7860 40 47 ſie
2471 7858 157 50 änglich:
2685 7856 99 42 „Da,
2818 7855 92 37 da!“

1600 7931 67 44 Im
1699 7930 112 47 ſelben
1844 7925 231 52 Augenblicke
2107 7920 108 52 blitzte
2255 7923 37 35 es
2324 7923 72 35 aus
2428 7919 77 37 dem
2538 7914 174 51 Gebüſche
2744 7912 65 49 auf
2840 7912 72 39 und

1601 7990 55 37 ein
1689 7985 260 52 Piſtolenſchuß
1981 7984 124 49 folgte.
2167 7977 140 42 Aurelie
2339 7976 56 48 ſiel
2428 7974 143 50 ächzend
2602 7984 60 41 zur
2695 7972 106 41 Erde.

1688 8044 89 41 Lord
1808 8046 106 50 Lynn
1955 8044 136 48 ſprang
2132 8047 72 31 von
2237 8038 59 38 der
2328 8032 158 52 Terraſſe
2526 8032 182 45 hinunter,
2756 8039 63 56 um
2851 8030 64 37 den

1602 8104 151 48 Mörder
1793 8112 40 47 zu
1874 8101 182 56 ergreifen,
2105 8098 83 43 aber
2226 8095 52 44 die
2323 8093 126 42 dunkle
2480 8090 137 53 Geſtalt
2656 8098 80 33 war
2775 8097 38 34 in
2852 8087 66 41 den

2354 7455 118 41 Liebes
2515 7441 147 57 theures
2709 7444 204 50 Mädchen?

1603 1772 100 38 haben
1740 1769 107 41 ſollen,
1885 1767 34 34 in
1962 1767 150 39 ſtummer
2147 1766 279 46 Unterwürfigkeit
2468 1768 77 40 dieſe
2570 1767 125 42 Waffen
2734 1766 68 34 und
2837 1762 110 40 dieſe

1600 1908 86 43 Sieg
1713 1907 94 40 dieſer
1824 1906 164 41 Meinung
2015 1903 83 37 nicht
2125 1914 126 34 ungern
2272 1906 60 35 mit
2358 1908 83 35 einer
2459 1916 63 25 nur
2547 1905 81 38 nicht
2656 1913 56 33 gar
2737 1912 36 34 zu
2794 1910 154 37 augen⸗

2945 1942 161 60 paſſive
3139 1944 220 48 Widerſtand
3403 1955 107 38 gegen
3552 1948 72 40 jede
3665 1946 203 47 ungerechte
3899 1944 270 49 Zumuthung:
4217 1946 88 40 Ver⸗

1601 1998 342 46 Schleswig⸗Holſtein
1970 1996 36 38 iſt
2033 2000 51 31 der
2110 1997 210 43 Kampfplatz,
2348 2000 56 40 auf
2430 2000 141 37 welchem
2598 2006 54 34 zur
2680 1995 269 43 Entſcheidung

1614 5950 51 35 ein
1690 5945 228 43 rechtmäßiges
1945 5944 117 43 Organ
2089 5943 112 39 haben,
2229 5944 59 32 das
2315 5942 48 34 die
2387 5940 245 43 Verpflichtung
2667 5940 57 32 des
2750 5938 163 43 einzelnen

2432 1411 381 85 Mittwoch
2859 1413 103 72 den
3008 1411 94 75 13.
3148 1413 344 88 September

2974 1627 142 42 Landes,
3145 1628 180 43 gegenüber
3351 1631 69 33 dem
3447 1628 159 44 Intereſſe
3641 1631 54 32 des
3723 1629 135 42 Ganzen
3886 1629 161 45 feſtſtellen
4082 1632 128 35 könnte.
4258 1628 53 46 In

2975 1673 94 38 dieſer
3095 1674 83 45 Lage
3205 1675 77 42 muß
3310 1678 67 33 dem
3405 1675 182 42 politiſchen
3613 1674 161 45 Gewiſſen
3802 1678 48 32 der
3865 1677 251 43 Herzogthümer
4145 1679 87 43 ſelbſt
4259 1679 50 34 die

2979 1720 241 45 Entſcheidung
3248 1722 177 42 überlaſſen
3453 1723 137 33 werden.

3065 1769 83 40 Von
3184 1774 63 34 den
3281 1769 311 50 Herzogthümern
3625 1792 53 5 —
3711 1768 99 48 führt
3851 1772 58 37 der
3941 1771 141 40 Redner
4126 1772 182 48 ſchließlich

2978 1832 70 33 aus
3079 1849 57 6 —
3167 1828 113 39 könne
3325 1829 74 39 eine
3431 1829 235 48 Auflehnung
3708 1828 65 40 mit
3817 1828 227 48 bewaffneter
4077 1832 107 46 Hand
4218 1831 90 46 nicht

2975 1889 167 35 erwartet
3186 1891 153 34 werden.
3402 1887 73 40 Ein
3520 1886 129 48 großes
3697 1885 213 50 Verlangen
3952 1886 99 47 ſchon
4104 1887 95 46 wäre
4248 1891 57 36 der

2978 2000 205 50 weigerung
3217 2004 56 36 der
3308 2001 177 45 Steuern,
3518 2005 58 35 der
3607 2002 226 53 Huldigung,
3866 2004 57 43 der
3955 2001 348 51 Rekrutenſtellung.

2977 2057 98 47 Doch
3108 2069 72 28 nur
3222 2060 84 45 dieſe
3338 2060 154 48 Energie
3533 2063 114 35 werde
3688 2065 36 33 es
3757 2063 63 34 den
3855 2058 313 50 Herzogthümern
4203 2059 99 50 mög⸗

2978 2115 60 46 lich
3072 2120 163 42 machen,
3278 2117 54 38 die
3374 2117 287 48 Zumuthungen
3705 2117 94 39 eines
3831 2117 155 48 fremden
4020 2116 280 45 Gewalthabers

2979 2174 235 48 abzulehnen.

3064 2232 77 39 Wir
3182 2232 158 48 zweifeln
3384 2231 100 47 nicht,
3531 2231 52 39 die
3623 2231 281 50 Herzogthümer
3943 2234 139 37 werden
4124 2231 176 46 beweiſen,

2976 2287 66 47 daß
3089 2289 39 46 ſie
3176 2289 90 44 nicht
3316 2291 49 37 die
3413 2290 38 39 in
3509 2290 210 38 materieller
3761 2289 263 49 Behaglichkeit
4065 2290 233 46 verſumpfte,

2977 2358 106 36 gegen
3118 2347 67 37 alle
3218 2346 123 44 höhere
3375 2345 119 42 Güter
3536 2346 242 50 gleichgültige
3813 2348 111 47 Maſſe
3957 2347 86 49 ſind,
4087 2347 58 39 als
4179 2348 119 42 welche

2975 2404 40 45 ſie
3054 2407 58 35 der
3155 2405 166 38 Berliner
3363 2403 366 50 Oberbürgermeiſter
3773 2409 71 34 und
3878 2406 50 38 die
3962 2404 334 49 annexionsluſtige

2976 2460 116 48 Preſſe
3125 2461 191 44 innerhalb
3350 2466 74 35 und
3457 2461 197 45 außerhalb
3680 2463 177 47 Preußens
3891 2474 85 36 gern
4010 2463 187 46 verrufen.
4230 2461 68 39 Be⸗

2976 2519 137 47 ſorgter
3145 2519 84 38 aber
3260 2520 73 45 ſind
3368 2521 67 38 wir
3469 2518 120 48 dafür,
3642 2519 68 46 daß
3767 2524 67 35 das
3877 2521 154 47 deutſche
4074 2520 90 40 Volk
4207 2521 90 45 ſeine

2977 2576 128 49 Pflicht
3147 2579 73 36 und
3262 2577 244 49 Schuldigkeit
3547 2578 92 44 nicht
3675 2578 90 44 thun
3809 2583 128 33 werde.
4002 2578 53 40 Es
4081 2578 92 38 wird
4207 2577 89 44 nicht

2977 2631 186 51 genügen,
3216 2633 67 46 daß
3343 2640 35 33 es
3424 2637 34 36 in
3507 2636 433 47 Volksverſammlungen
3992 2641 74 33 und
4114 2635 179 48 Abgeord⸗

2975 2696 218 45 netentagen
3227 2692 87 47 ſeine
3347 2692 163 40 Stimme
3552 2693 132 45 erhebe,
3718 2693 67 48 ſein
3823 2693 104 46 „Gut
3960 2695 74 36 und
4068 2693 117 38 Blut“
4222 2701 74 31 ver⸗

2973 2749 140 45 ſpreche,
3146 2750 149 45 ſondern
3331 2755 35 33 es
3399 2750 89 39 wird
3518 2749 210 49 wenigſtens
3772 2751 64 38 mit
3868 2753 76 36 dem
3983 2750 129 47 „Gut“
4151 2750 139 49 einigen

2974 2805 107 48 Ernſt
3113 2806 113 50 zeigen
3253 2806 149 49 müſſen.

3432 2879 819 33 e

3270 2926 744 99 Deutſchland.

3012 3090 2 4 s
3123 3046 157 48 Berlin,
3320 3050 61 38 12.
3415 3050 111 43 Sept.
3596 3050 87 39 Die
3716 3051 224 48 Haltung
3973 3050 319 47 Napoleon’s

2974 3109 37 38 in
3044 3111 57 36 der
3134 3106 441 49 ſchleswig⸗holſteinſchen
3595 3108 118 48 Frage
3747 3107 86 39 wird
3865 3115 74 31 von
3961 3110 64 36 den
4040 3107 250 51 annexioniſti⸗

2973 3168 91 43 ſchen
3099 3163 170 41 Blättern
3301 3164 66 39 mit
3398 3167 58 35 der
3489 3163 147 50 größten
3682 3165 309 45 Aufmerkſamkeit
4032 3166 153 48 verfolgt
4218 3172 72 33 und

2952 3222 89 47 jede
3074 3224 118 45 leiſeſte
3224 3221 213 49 Aeußerung
3471 3222 231 48 Frankreichs
3735 3223 35 38 in
3787 3222 139 48 Betreff
3952 3222 94 46 jener
4079 3225 116 47 Frage
4227 3223 66 40 mit

2973 3282 243 46 verhaltenem
3248 3281 126 42 Athem
3408 3281 185 46 belauſcht.
3654 3279 97 49 Fällt
3784 3280 72 39 eine
3897 3280 106 48 ſolche
4042 3291 39 39 zu
4124 3281 165 48 Gunſten

2973 3344 57 33 der
3062 3338 222 47 preußiſchen
3317 3337 200 48 Annexion,
3551 3339 34 44 ſo
3620 3338 87 37 wird
3740 3338 41 46 ſie
3814 3338 65 38 mit
3896 3339 160 48 heiligem
4091 3338 96 46 Eifer
4212 3342 79 36 laut

2974 3399 103 36 allem
3111 3395 108 40 Volke
3251 3393 200 41 verkündet.
3515 3395 75 39 Wie
3621 3393 143 51 kläglich
3798 3395 85 46 muß
3916 3401 36 33 es
3985 3396 79 45 doch
4112 3406 63 28 um
4221 3396 72 39 eine

2974 3454 117 47 Sache
3124 3454 121 45 ſtehen,
3280 3452 34 38 in
3349 3455 56 35 der
3439 3463 85 29 man
3559 3453 57 45 ſich
3650 3454 33 45 ſo
3734 3451 186 50 abhängig
3968 3452 89 46 fühlt
4106 3463 72 28 von
4233 3457 57 35 der

2973 3510 131 42 Gnade
3136 3515 60 34 des
3229 3509 224 40 Auslandes,
3488 3518 70 30 von
3592 3513 77 35 dem
3690 3509 105 40 Wink
3815 3515 94 34 eines
3928 3511 212 48 Napoleon!
4175 3510 114 50 Trotz⸗

2973 3574 74 34 dem
3081 3569 92 39 wird
3205 3568 145 49 zugleich
3384 3567 65 39 mit
3480 3570 75 35 dem
3598 3566 118 41 Säbel
3767 3567 157 48 geraſſelt
3980 3571 73 35 und
4109 3568 65 39 mit
4228 3573 62 35 den

2975 3626 391 51 Spitzkugelgewehren
3400 3626 226 42 renommirt,
3668 3626 58 37 als
3773 3625 113 39 könue
3933 3636 87 28 man
4076 3626 52 37 die
4183 3637 109 40 ganze

2974 3686 94 39 Welt
3128 3684 36 38 in
3226 3683 51 37 die
3338 3681 125 47 Taſche
3523 3683 129 47 ſtecken,
3725 3683 123 46 ſobald
3918 3689 37 32 es
4025 3684 142 38 beliebt.
4229 3685 58 38 An

2973 3744 123 46 dieſem
3166 3742 176 47 „Hangen
3416 3743 72 35 und
3560 3740 182 48 Bangen“
3816 3744 57 35 der
3941 3741 340 47 Schleswig⸗Hol⸗

2973 3800 80 47 ſtein
3085 3800 179 38 liebenden
3299 3797 135 40 Seelen
3466 3797 152 48 nehmen
3651 3797 91 43 nicht
3775 3808 71 28 nur
3877 3798 51 39 die
3959 3798 36 39 in
4029 3798 160 45 Demuth
4213 3803 76 34 dem

2974 3856 330 46 Bismarckerthum
3336 3854 191 39 dienenden
3569 3854 172 39 liberalen
3775 3853 145 41 Blätter
3959 3856 147 48 innigen
4141 3857 144 43 Antheil

2971 3917 150 45 fondern
3156 3914 84 39 auch
3273 3913 49 37 die
3355 3913 121 47 ſtolzen
3510 3910 176 49 Genoſſen
3727 3915 58 36 der
3825 3910 290 50 Bismarck’ſchen
4159 3913 135 49 Siege,

2973 3975 52 38 die
3056 3977 122 33 treuen
3211 3970 194 46 Verfechter
3438 3975 56 32 der
3527 3968 228 49 Legitimität,
3789 3971 50 37 die
3858 3968 187 49 Verächter
4075 3969 91 47 jedes
4200 3971 89 41 Em⸗

2973 4029 303 48 porkömmlings,
3310 4027 49 38 die
3391 4027 350 48 kreuzzeitunglichen
3773 4028 146 46 Helden.
3992 4027 70 41 Sie
4110 4029 86 44 alle,
4238 4030 50 37 die

2973 4088 181 40 Liberalen
3186 4085 65 39 wie
3283 4085 192 47 Feudalen,
3508 4085 122 45 welche
3662 4088 66 35 das
3755 4085 103 44 Recht
3885 4084 405 49 Schleswig⸗Holſteins

2975 4147 132 47 beugen
3140 4144 144 44 wollen,
3317 4145 127 44 tragen
3477 4142 101 45 ſchon
3610 4143 51 37 die
3692 4142 132 48 Strafe
3855 4141 107 46 dafür
3994 4142 64 39 mit
4068 4137 59 61 der
4133 4144 157 46 Furcht

2977 4212 66 29 vor
3075 4204 58 36 der
3173 4201 157 44 fremden
3364 4199 220 47 Strafruthe
3624 4204 35 33 in
3693 4199 72 44 ſich.
3823 4199 216 46 Schwerlich
4075 4201 88 38 wird
4205 4200 83 47 dieſe

2953 4261 82 47 ſich
3069 4259 184 48 gemildert
3285 4258 129 45 haben,
3449 4259 57 36 als
3539 4260 67 35 das
3634 4256 268 47 Bismarck’ſche
3935 4258 134 48 Organ
4103 4258 186 48 folgenden

2977 4320 99 45 Satz,
3141 4320 58 33 der
3249 4315 37 37 in
3338 4314 92 39 einer
3484 4319 105 34 unter
3629 4313 102 40 Wien
3783 4314 255 49 mitgetheilten
4081 4315 103 48 Notiz
4232 4318 58 36 der

2979 4375 72 41 „N.
3085 4375 63 46 Fr.
3182 4373 92 46 Pr.“
3313 4372 88 46 ſeine
3434 4370 238 50 Beſtätigung
3705 4375 72 35 und
3810 4372 147 49 zugleich
4000 4372 88 48 ſeine
4120 4372 196 40 Erläute⸗

2976 4443 95 35 rung
3104 4431 119 49 findet,
3258 4430 198 45 mittheilen
3491 4430 150 38 konnte:

3040 4486 49 43 In
3116 4489 59 29 den
3209 4484 258 41 verſchiedenſten
3505 4484 153 34 Blättern
3692 4484 67 33 und
3807 4485 95 33 unter
3937 4484 59 35 den
4035 4483 255 43 verſchiedenſten

2974 4534 139 41 Formen
3140 4530 107 43 finden
3274 4532 61 33 wir
3360 4531 47 32 die
3433 4530 223 43 Behauptung
3698 4528 197 44 aufgeſtellt,
3932 4530 62 41 daß
4031 4530 49 34 die
4118 4530 173 35 Cabinette

2974 4582 51 31 der
3051 4577 164 36 Tuilerien
3242 4577 66 31 und
3334 4584 63 24 von
3427 4575 58 35 St.
3511 4575 120 40 James
3660 4576 46 31 bei
3734 4575 289 41 Entgegennahme
4048 4577 52 32 der
4140 4575 150 44 Mitthei⸗

2974 4624 80 41 lung
3081 4626 50 29 der
3159 4621 167 39 Gaſteiner
3352 4620 209 34 Convention
3588 4623 58 30 den
3673 4619 242 43 proviſoriſchen
3929 4620 175 40 Charakter
4130 4622 158 40 derſelben

2976 4667 164 38 conſtatirt
3197 4667 66 31 und
3321 4663 54 43 ſich
3434 4665 66 41 ihre
3558 4665 146 43 Haltung
3762 4674 37 32 zu
3848 4667 68 31 dem
3966 4664 224 42 Definitivum
4218 4675 73 25 vor⸗

2976 4713 143 42 behalten
3169 4710 122 42 hätten.
3364 4710 65 35 Ein
3479 4710 166 43 belgiſches
3703 4711 150 40 Journal
3914 4711 109 43 bringt
4080 4711 91 45 ſogar
4228 4714 59 33 den

2975 4757 203 46 angeblichen
3260 4757 73 42 Text
3418 4755 87 36 eines
3586 4756 204 43 angeblichen
3864 4754 186 38 Circular⸗
4079 4757 208 38 Schreibens,

2973 4805 127 38 welches
3126 4804 77 41 Herr
3228 4802 136 35 Drouin
3399 4804 34 31 de
3460 4801 110 44 Lhuys
3576 4797 37 54 an
3665 4802 48 34 die
3739 4802 258 41 diplomatiſchen
4010 4804 146 42 Agenten
4170 4804 117 42 Frank⸗

2976 4851 96 36 reichs
3098 4851 43 33 im
3169 4849 173 34 Auslande
3368 4848 128 42 erlaſſen
3537 4849 101 40 haben
3675 4847 66 42 ſoll,
3791 4856 62 25 von
3887 4850 66 31 dem
3981 4850 60 34 wir
4068 4849 117 45 geſtern
4213 4851 75 40 nach

2971 4898 52 33 der
3051 4895 155 42 „Patrie“
3234 4895 91 33 einen
3352 4896 136 41 Auszug
3524 4894 155 38 brachten.
3728 4893 70 35 Alle
3831 4894 78 42 dieſe
3934 4894 112 42 Dinge
4081 4894 69 42 ſind
4177 4896 110 42 erfun⸗

2972 4946 71 31 den.
3093 4942 65 34 Die
3185 4940 107 34 beiden
3319 4941 227 43 Regierungen
3590 4941 101 39 haben
3730 4939 119 39 einfach
3876 4940 60 34 Act
3976 4949 63 25 von
4066 4942 52 33 der
4145 4942 142 35 Benach⸗

2972 4989 182 43 richtigung
3181 4995 192 35 genommen
3415 4988 68 32 und
3527 4986 142 35 keinerlei
3694 4981 104 39 Kritik
3830 4988 73 33 oder
3929 4986 243 45 Erörterungen
4212 4988 76 35 über

2972 5036 49 34 die
3047 5033 211 38 Convention
3286 5031 108 45 geübt.

3057 5083 135 49 (Eine
3233 5080 223 50 officiöſe
3488 5081 340 48 Verdrehung.)
3888 5080 70 40 Die
3994 5080 163 40 „Nordd.
4191 5083 95 49 Allg.

2975 5143 109 48 Ztg.“
3135 5140 132 39 nimmt
3308 5139 52 38 die
3401 5140 122 39 Miene
3565 5150 62 33 an,
3676 5139 59 38 als
3786 5139 43 37 ob
3875 5138 57 38 der
3972 5139 211 48 Todtſchlag
4224 5144 60 34 des

2974 5199 141 47 Grafen
3145 5197 213 48 Eulenburg
3392 5208 48 27 an
3474 5196 58 48 ſich
3566 5199 73 36 und
3673 5196 91 45 nicht
3795 5196 170 45 vielmehr
3994 5199 66 35 das
4086 5197 195 46 Verhalten

2971 5260 58 35 der
3061 5256 110 47 Juſtiz
3204 5254 37 39 in
3274 5255 103 46 dieſer
3412 5254 120 40 Sache
3563 5256 63 36 den
3646 5254 132 40 Grund
3811 5264 40 37 zu
3883 5254 184 48 Anklagen
4102 5265 105 37 gegen
4234 5255 51 38 die

2971 5314 195 46 preußiſche
3186 5311 203 49 Regierung
3423 5312 92 48 gebe.
3578 5310 74 41 Mit
3684 5312 125 45 ſolcher
3826 5311 233 49 Verdrehung
4092 5314 57 36 der
4164 5311 119 41 Sache

2972 5373 93 38 kann
3098 5371 41 45 ſie
3169 5372 107 36 dann
3303 5369 126 45 freilich
3463 5369 65 38 mit
3560 5368 101 44 Recht
3694 5369 146 47 fragen:

3040 5426 107 35 Wenn
3174 5425 59 34 wir
3259 5424 48 35 die
3333 5423 235 45 grauenhaften
3596 5424 224 40 Mordthaten,
3847 5423 49 35 die
3920 5424 34 34 in
3982 5425 57 32 den
4068 5424 104 41 letzten
4200 5424 79 34 Wo⸗

2970 5473 70 38 chen
3066 5474 59 31 den
3151 5470 117 35 Boden
3295 5471 176 41 Englands
3499 5468 186 42 beſudelten,
3712 5478 36 33 zu
3776 5469 171 42 Angriffen
3974 5478 97 36 gegen
4098 5471 60 32 das
4185 5469 97 35 Cabi⸗

2970 5520 53 32 net
3048 5519 78 34 Lord
3153 5516 237 41 Palmerſton’s
3417 5517 146 44 benutzen
3592 5515 142 39 wollten,
3770 5515 109 34 würde
3904 5524 77 26 man
4009 5516 68 34 dies
4104 5516 59 34 mit
4189 5517 94 33 Recht

2971 5563 153 37 lächerlich
3160 5562 129 43 finden;
3333 5564 67 33 und
3438 5569 96 27 wenn
3560 5562 144 41 Jemand
3740 5563 63 33 aus
3838 5562 71 33 dem
3943 5561 266 39 Theaterkrawall
4249 5562 35 35 in

2970 5611 86 42 Lyon
3082 5609 227 44 Folgerungen
3345 5608 59 39 auf
3427 5609 60 33 das
3514 5609 34 32 in
3575 5607 186 43 Frankreich
3798 5607 194 39 herrſchende
4018 5607 133 42 Syſtem
4176 5609 105 41 ziehen

2970 5657 135 35 wollte,
3124 5655 30 37 ſo
3189 5654 110 35 würde
3332 5656 48 32 die
3407 5652 199 44 franzöſiſche
3632 5652 105 43 Preſſe
3772 5652 82 36 nicht
3889 5653 91 33 einen
4007 5653 193 44 Augenblick
4225 5664 58 24 an⸗

2968 5703 117 40 ſtehen,
3111 5701 67 34 dies
3205 5700 50 41 für
3280 5700 67 34 eine
3375 5700 177 40 Abſurdität
3576 5708 38 34 zu
3640 5699 149 35 erklären.
3839 5700 70 33 Und
3937 5699 72 36 doch
4036 5699 85 43 ſehen
4149 5704 61 31 wir
4237 5700 47 35 die

2970 5746 223 43 franzöſiſchen
3227 5749 68 32 und
3321 5745 175 44 engliſchen
3523 5745 130 34 Blätter
3687 5744 113 44 täglich
3837 5742 53 42 ſich
3926 5745 97 38 dieſer
4057 5744 227 38 Lächerlichkeit

2970 5795 136 42 ſchuldig
3134 5792 137 39 machen,
3322 5792 111 44 täglich
3469 5791 76 44 dieſe
3571 5790 193 38 Abſurdität
3791 5790 147 42 begehen,
3982 5791 108 34 indem
4127 5791 38 41 ſie
4192 5794 90 32 einen

2970 5840 101 45 gewiß
3114 5838 321 44 beklagenswerthen,
3486 5838 72 33 aber
3602 5838 83 33 allen
3729 5836 182 44 politiſchen
3947 5836 229 45 Beziehungen
4211 5838 68 41 fern

2970 5888 165 41 ſtehenden
3161 5884 139 39 Vorfall,
3336 5885 68 34 eine
3424 5883 194 44 Schlägerei
3671 5878 47 55 in
3715 5883 112 39 Bonn,
3862 5890 72 35 zum
3961 5882 111 35 Motiv
4106 5884 84 37 ihrer
4215 5885 68 33 An⸗

2971 5932 90 47 griffe
3088 5941 97 37 gegen
3212 5930 150 43 Preußen
3389 5931 141 36 machen.

2970 6059 201 48 Gebüſchen
3214 6060 269 44 verſchwunden.
3561 6059 117 38 Dann
3712 6058 76 39 eilte
3829 6069 34 28 er
3904 6068 42 39 zu
3978 6058 147 40 Aurelia
4156 6058 132 50 zurück,

2971 6119 69 45 hob
3082 6118 41 47 ſie
3164 6117 65 47 auf
3269 6120 73 34 und
3386 6118 110 36 redete
3537 6115 35 39 in
3616 6118 62 36 den
3720 6115 211 50 zärtlichſten
3962 6116 152 39 Worten
4156 6127 39 38 zu
4228 6120 58 36 der

2969 6176 259 48 regungsloſen
3272 6173 147 49 Geſtalt,
3464 6169 55 43 die
3555 6184 33 28 er
3630 6170 60 47 für
3737 6176 77 36 todt
3855 6173 96 48 hielt.
4023 6174 52 40 Er
4116 6178 85 45 trug
4244 6175 41 46 ſie

2967 6234 103 43 durch
3103 6233 50 37 die
3183 6232 171 47 Zimmer,
3399 6241 56 27 wo
3490 6230 74 48 ihm
3594 6230 52 46 die
3677 6232 103 43 durch
3813 6233 64 36 den
3912 6231 125 47 Schuß
4071 6231 211 49 erſchreckten

2969 6291 106 46 Gäſte
3105 6292 73 36 und
3212 6288 231 47 Dienſtboten
3485 6289 100 44 ſchon
3628 6288 303 49 entgegeneilten;
3981 6289 84 38 aber
4098 6299 34 28 er
4164 6290 117 46 ſprach

2967 6350 71 38 kein
3073 6348 117 43 Wort,
3231 6347 67 47 gab
3331 6347 92 37 keine
3454 6346 195 46 Auskunft,
3692 6347 56 38 bis
3780 6357 34 29 er
3845 6351 64 34 den
3943 6346 164 47 Ballſaal
4140 6347 137 45 erreicht

2967 6409 72 36 und
3073 6405 86 46 ſeine
3191 6401 124 42 Bürde
3348 6403 64 48 auf
3442 6404 55 38 ein
3531 6404 139 48 Sopha
3702 6404 230 49 niedergelegt
3965 6404 112 48 hatte.

3053 6462 73 40 Ein
3168 6456 245 58 allgemeines
3450 6456 257 58 Aufbrauſen
3719 6465 57 35 der
3818 6460 191 41 Stimmen
4056 6465 75 35 und
4179 6465 100 36 dann

2965 6520 149 50 plötzlich
3145 6519 99 48 tieſfes
3272 6519 229 49 Schweigen.
3542 6518 105 43 Todt,
3679 6518 148 48 wirklich
3860 6519 101 39 todt?
3986 6540 57 7 —
4067 6518 76 40 Wie
4169 6518 112 49 ſchön,

2966 6580 64 38 wie
3062 6576 167 50 königlich
3262 6578 60 47 lag
3355 6577 41 47 ſie
3427 6580 44 36 da
3503 6577 38 39 in
3572 6578 75 38 dem
3681 6575 132 47 weißen
3848 6575 224 47 Atlaskleide,
4105 6577 67 48 auf
4201 6579 76 38 dem

2966 6637 59 47 ſich
3059 6634 111 49 einige
3202 6634 228 48 Blutſpuren
3462 6634 151 50 zeigten!
3648 6635 84 40 Das
3764 6631 181 43 drückende
3978 6633 211 50 Schweigen
4223 6638 58 37 der

2967 6694 282 51 Verſammlung
3299 6694 122 38 wurde
3479 6703 71 29 nur
3603 6694 104 43 durch
3755 6692 76 39 Mr.
3880 6687 159 56 Darcy’s
4094 6693 184 48 kraftloſes

2968 6752 215 48 Schluchzen
3218 6751 279 41 unterbrochen:

3053 6808 124 48 „Mein
3200 6808 107 44 Kind,
3333 6808 95 39 mein
3455 6808 126 48 einzige
3599 6807 158 46 Tochter,
3783 6806 94 40 mein
3896 6811 221 44 gemordetes
4133 6808 143 40 Kind!“

3060 6865 111 50 „Laßt
3202 6867 84 45 mich
3320 6868 113 43 durch,
3480 6865 77 45 laßt
3589 6866 83 44 mich
3715 6866 121 48 ſchnell
3877 6864 131 47 herein,
4050 6866 163 46 vielleicht
4244 6866 38 48 iſt

2968 6926 82 46 noch
3079 6925 160 48 Rettung
3265 6922 163 51 möglich,
3460 6922 163 44 vielleicht
3649 6924 38 45 iſt
3719 6928 36 33 es
3789 6933 65 38 gar
3880 6923 92 45 nicht
3998 6923 284 49 gefährlich“
4252 6918 35 59 —

2968 6984 65 39 mit
3066 6983 108 48 dieſen
3207 6983 149 40 Worten
3400 6981 102 44 brach
3535 6981 70 39 Dr.
3639 6979 143 46 Gillies,
3825 6982 58 37 der
3916 6981 130 49 einzige
4078 6981 205 47 anweſende

2966 7042 97 49 Arzt,
3095 7040 58 48 ſich
3188 7040 108 46 Bahn
3330 7040 103 44 durch
3466 7038 51 40 die
3549 7039 145 47 Menge.
3746 7037 128 45 „Nein,
3906 7038 92 45 nicht
4029 7040 118 38 todt!“
4185 7039 96 47 ſagte

2966 7102 57 36 der
3070 7098 97 50 Arzt.
3251 7098 88 45 „Ich
3380 7097 112 48 kann
3519 7095 91 40 keine
3659 7096 138 48 ſchwere
3845 7096 142 40 Wunde
4032 7096 136 50 finden;
4224 7097 58 36 der

2968 7158 132 40 Nacken
3141 7157 38 46 iſt
3211 7156 196 47 allerdings
3438 7155 105 39 durch
3575 7157 64 35 den
3666 7153 126 46 Schuß
3818 7156 144 48 verletzt,
3993 7154 82 39 aber
4103 7153 179 44 durchaus

2969 7216 92 47 nicht
3094 7213 200 51 gefährlich.
3357 7212 69 41 Sie
3458 7212 36 42 iſt
3526 7221 73 29 nur
3630 7209 264 51 ohnmächtig.“

3055 7272 148 40 Aurelia
3244 7272 102 38 ward
3388 7268 65 48 auf
3482 7268 110 44 ihrem
3625 7269 137 46 Sopha
3807 7280 46 28 an
3894 7272 66 36 das
4003 7266 110 50 offene
4143 7266 140 49 Fenſter

2970 7332 127 47 gerollt
3139 7332 73 36 und
3252 7333 59 36 der
3351 7327 115 49 friſche
3506 7326 149 50 Luftzug
3700 7328 73 38 und
3813 7329 67 37 das
3921 7326 215 46 Anfeuchten
4186 7323 95 46 ihres

2970 7387 157 48 Geſichts
3168 7388 67 38 mit
3274 7386 127 40 kaltem
3432 7383 137 50 Waſſer
3608 7384 146 40 wirkten
3798 7385 81 39 bald
3921 7380 229 50 wohlthätig.
4213 7380 71 42 Sic

2969 7447 174 46 ſchauerte
3167 7446 214 48 zuſammen,
3413 7442 154 49 bewegte
3598 7443 51 38 die
3675 7444 108 39 Arme
3816 7443 75 38 und
3923 7439 128 50 öffnete
4077 7440 66 39 mit
4169 7441 113 39 einem

2970 7504 155 49 Seufzer
3155 7502 52 39 die
3238 7504 139 47 Augen.

3060 7560 94 50 „Wo
3187 7560 60 40 bin
3281 7559 71 45 ich?
3382 7559 93 40 Was
3505 7555 41 51 iſt
3578 7577 53 8 —
3671 7557 75 49 Biſt
3777 7556 64 40 Du
3874 7560 48 38 es,
3953 7554 135 49 Papa?

2970 7618 106 42 krank
3108 7620 164 48 geweſen,
3306 7617 128 49 glaube
3465 7614 86 48 ich.“

3056 7676 70 41 Sie
3166 7676 173 49 verſuchte
3389 7674 58 48 ſich
3489 7672 236 49 aufzurichten
3773 7674 74 36 und
3894 7670 169 40 bemerkte
4112 7682 76 30 nun
4230 7673 53 40 die

2970 7735 261 47 Blutstropfen
3264 7733 65 48 auf
3357 7732 112 46 ihrem
3500 7730 130 40 Kleide.
3684 7729 238 46 Schaudernd
3954 7729 96 49 ſagte
4081 7730 63 48 ſie:
4181 7732 106 47 „Ach,

2970 7793 47 46 ich
3050 7792 88 47 weiß
3169 7792 69 50 jetzt
3270 7812 54 8 —
3354 7792 67 37 das
3454 7787 135 50 Geſicht
3620 7788 78 27 —“
3735 7788 74 37 und
3840 7786 53 40 die
3924 7787 127 40 Sinne
4076 7788 206 51 ſchwanden

2971 7851 57 47 ihr
3060 7850 96 48 auf’s
3188 7850 157 46 Neue.

3057 7908 144 49 George
3225 7909 138 48 Darcy,
3396 7905 59 39 der
3486 7903 91 50 ſonſt
3608 7902 34 46 ſo
3668 7902 176 48 ſcheinbar
3868 7902 90 42 kalte
3982 7904 138 48 Mann,
4154 7906 130 40 weinte

2971 7968 74 40 und
3076 7964 99 50 küßte
3205 7966 52 39 die
3283 7963 124 49 Hände
3439 7962 110 48 ſeines
3573 7960 147 45 Kindes,
3751 7963 69 37 das
3853 7971 72 31 nur
3957 7964 219 40 wunderbar
4206 7965 79 38 dem

2972 8025 127 41 Grabe
3131 8024 165 48 entriſſen
3327 8031 92 30 war.
3480 8019 91 40 Lord
3603 8019 103 52 Lynn
3739 8019 100 51 ſtand
3880 8020 65 41 mit
3976 8021 161 48 bleichem
4168 8022 120 48 Ange⸗

2971 8084 94 52 ſichte
3111 8082 112 44 neben
3268 8082 77 43 dem
3386 8078 141 53 Sopha
3574 8081 74 39 und
3694 8080 209 41 verwandte
3950 8078 75 43 kein
4067 8081 100 52 Auge
4214 8086 72 33 von

4129 7556 65 47 Ich
4215 7535 69 62 bin

4442 1513 11 6 .
5226 1406 395 174 1865.

4416 1587 4 3 .

4458 1629 65 40 Bei
4556 1630 93 39 einer
4680 1631 131 49 ſolchen
4845 1631 213 50 Täuſchung
5090 1635 59 37 der
5165 1634 94 47 Leſer
5290 1633 87 41 über
5407 1637 63 38 den
5505 1636 190 50 alleinigen

4371 1681 227 73 Klagepunkt
4629 1689 56 36 der
4717 1689 268 49 auswärtigen,
5020 1691 65 38 wie
5117 1691 177 50 deutſchen
5328 1693 114 48 Preſſe
5481 1695 90 39 wird
5603 1703 91 31 man

4370 1744 162 46 ſicherlich
4566 1745 140 49 geneigt
4738 1745 82 47 ſein,
4854 1748 100 47 mehr
4990 1748 207 50 „Dichtung
5226 1749 59 40 als
5318 1750 210 49 Wahrheit“
5565 1752 36 39 in
5634 1755 61 36 der

4369 1801 212 51 Erzählung
4613 1813 42 39 zu
4686 1802 132 48 finden,
4850 1806 122 41 welche
5004 1809 66 36 das
5119 1812 184 43 genannte
5345 1809 105 39 Blatt
5494 1807 85 41 über
5625 1811 66 37 den

4367 1861 179 48 Vorgang
4580 1860 124 65 bringt
4737 1881 55 7 —
4823 1871 73 30 eine
4929 1861 225 52 Erzählung,
5187 1864 53 40 die
5270 1874 41 41 zu
5343 1866 73 47 ſehr
5457 1876 48 30 an
5537 1868 52 38 die
5621 1867 69 38 Be⸗

4368 1919 101 46 richte
4509 1922 61 36 des
4604 1919 197 38 Auditeurs
4833 1919 251 49 Splittgerber
5125 1920 84 41 über
5249 1923 51 38 die
5343 1920 209 52 berüchtigte
5596 1924 100 40 Glo⸗

4368 1985 109 37 gauer
4510 1975 352 49 Scandalgeſchichte
4909 1978 182 40 erinnern.
5176 1980 70 40 Die
5287 1979 234 51 Erzählung,
5572 1982 123 46 welche

4368 2032 58 46 ſich
4460 2036 67 36 das
4558 2033 271 48 Bismarck’ſche
4868 2033 110 40 Blatt
5020 2036 180 50 angeblich
5249 2043 71 34 aus
5363 2039 114 39 Bonn
5521 2037 170 50 ſchreiben

4371 2089 88 45 läßt,
4493 2092 138 38 lautet:

4431 2144 63 35 Am
4533 2149 32 30 4.
4605 2146 149 46 Auguſt,
4797 2145 140 53 ſpät
4886 2140 48 62 in
4972 2147 51 35 der
5048 2147 122 42 Nacht,
5209 2149 143 47 begaben
5377 2147 54 46 ſich
5458 2150 54 35 der
5538 2149 151 37 Student

4362 2190 88 44 Graf
4488 2192 212 53 Eulenburg,
4750 2192 52 34 der
4839 2193 70 52 bei
4929 2194 68 33 dem
5032 2194 37 34 in
5093 2195 103 35 Bonn
5231 2195 287 46 garniſonirenden
5542 2196 151 47 Königs⸗

4360 2236 336 54 Huſaren⸗Regiment
4736 2239 52 34 als
4823 2239 197 44 einjähriger
5061 2240 213 46 Freiwilliger
5313 2241 98 44 ſeiner
5438 2241 246 46 Militärpflicht

4361 2284 130 42 genügt,
4517 2287 68 49 und
4612 2286 53 33 der
4690 2283 152 53 Student
4867 2291 29 26 v.
4923 2285 41 51 B.
4992 2287 64 33 aus
5083 2286 102 36 einem
5221 2296 56 26 vor
5313 2290 69 33 dem
5417 2288 147 43 Neuthor
5604 2289 81 35 bele⸗

4360 2336 101 34 genen
4487 2328 228 54 Wirthshauſe
4740 2337 58 35 auf
4824 2332 58 32 den
4907 2330 175 46 Heimweg,
5109 2331 152 45 während
5288 2333 105 46 einige
5426 2332 84 45 ihrer
5536 2334 147 42 Freunde

4361 2373 72 52 noch
4460 2376 249 42 zurückblieben,
4747 2378 114 33 andere
4887 2376 116 35 bereits
5037 2381 294 44 vorausgegangen
5367 2388 121 27 waren.
5536 2381 53 42 In
5631 2383 52 33 der

4359 2413 89 52 Nähe
4470 2423 59 49 des
4555 2421 166 43 Neuthors
4756 2422 169 45 begegnete
4962 2422 101 42 ihnen
5099 2424 69 35 eine
5202 2425 127 44 Anzahl
5366 2424 165 44 Männer,
5576 2426 110 43 welche

4359 2465 204 42 anſcheinend
4588 2467 47 35 im
4661 2467 123 35 Streite
4810 2467 154 44 begriffen
4989 2474 109 30 waren
5138 2470 67 35 und
5243 2481 45 25 an
5327 2471 109 42 welche
5478 2471 41 45 ſie
5567 2473 114 42 heran⸗

4358 2512 113 51 traten,
4498 2520 57 46 um
4581 2512 52 44 fich
4660 2522 37 34 zu
4722 2513 207 53 überzeugen,
4956 2514 40 35 ob
5022 2517 82 34 etwa
5130 2516 105 46 einige
5260 2517 84 44 ihrer
5360 2518 157 42 Freunde,
5544 2520 49 33 die
5621 2526 57 29 vor

4356 2556 107 54 ihnen
4481 2558 164 38 denſelben
4671 2559 79 45 Weg
4777 2560 250 46 eingeſchlagen,
5064 2562 37 35 in
5127 2565 59 32 den
5220 2562 109 36 Streit
5363 2563 169 36 verwickelt
5572 2563 110 37 wären

4359 2605 68 32 und
4454 2604 86 43 ihres
4566 2604 192 44 Beiſtandes
4784 2606 178 42 bedürften.

4428 2647 78 41 Daß
4533 2646 56 60 nur
4609 2652 80 50 dies
4724 2650 68 43 ihre
4816 2650 124 43 Abſicht
4974 2653 154 44 geweſen,
5178 2654 205 36 erwiederten
5422 2653 41 43 ſie
5489 2654 74 43 auch
5590 2654 96 45 jenen

4357 2694 274 55 Leuten
4494 2690 64 63 auf
4578 2690 59 63 die
4657 2696 115 43 Frage,
4811 2701 74 32 was
4919 2697 40 44 ſie
4995 2699 179 43 begehrten,
5226 2701 162 43 geriethen
5415 2703 75 33 aber
5515 2702 61 33 mit
5602 2705 76 30 den⸗

4357 2740 102 39 ſelben
4486 2750 34 25 in
4548 2750 91 26 einen
4666 2741 229 50 Wortwechſel,
4921 2747 52 32 der
4998 2745 66 43 ſehr
5092 2746 73 34 bald
5193 2746 133 44 heftiger
5351 2749 110 32 wurde
5486 2751 68 30 und
5582 2747 102 41 dahin

4358 2788 178 51 ausartete,
4587 2787 60 44 daß
4673 2795 30 26 v.
4730 2788 42 35 B.
4801 2788 204 41 hinterrücks,
5056 2791 249 42 wahrſcheinlich
5343 2793 61 34 mit
5430 2793 102 35 einem
5560 2791 127 44 Stocke,

4358 2842 91 24 einen
4478 2832 122 45 Schlag
4627 2834 57 41 auf
4709 2835 58 33 den
4793 2834 85 42 Kopf
4903 2836 120 40 erhielt,
5073 2838 36 33 in
5136 2837 102 46 Folge
5272 2839 102 42 deſſen
5401 2848 30 25 er
5458 2838 224 44 niederſtürzte

4355 2882 66 31 und
4448 2878 76 42 ſtark
4552 2880 129 33 blutete.
4754 2879 138 43 Darauf
4923 2882 78 43 griff
5025 2882 88 42 Graf
5137 2883 195 45 Eulenburg
5359 2885 76 37 nach
5463 2886 69 34 dem
5560 2884 123 44 Säbel,

4354 2928 59 30 den
4441 2933 30 25 er
4496 2925 169 52 aufgehakt
4690 2934 44 25 an
4760 2929 51 31 der
4838 2926 95 35 Seite
4959 2932 88 39 trug,
5090 2932 109 32 wurde
5225 2931 75 34 aber
5326 2931 141 43 gewahr,
5517 2930 62 44 daß
5606 2934 68 32 der⸗

4354 2970 90 41 ſelbe,
4471 2972 39 37 ſei
4538 2973 44 35 es,
4631 2971 61 40 daß
4720 2980 31 25 er
4777 2973 273 44 herausgefallen,
5100 2974 42 43 ſei
5169 2978 46 40 es,
5265 2976 61 41 daß
5353 2985 30 26 er
5409 2986 63 25 von
5500 2977 102 35 einem
5629 2979 56 34 der

4355 3017 131 42 Gegner
4511 3018 183 34 unbemerkt
4720 3017 260 45 herausgezogen
5014 3026 77 34 war,
5132 3019 55 43 ſich
5215 3021 84 41 nicht
5324 3022 35 34 in
5386 3024 52 33 der
5465 3023 134 40 Scheide
5627 3024 49 32 be⸗

4354 3063 90 52 fand,
4472 3066 68 31 und
4567 3064 128 52 wehrte
4711 3061 54 55 ſich
4793 3073 71 44 nun
4891 3066 59 33 mit
4975 3067 51 33 der
5052 3066 139 44 letzteren
5227 3077 97 34 gegen
5351 3069 50 33 die
5426 3068 59 41 auf
5509 3069 57 41 ihn
5594 3069 84 34 Ein⸗

4356 3110 209 51 dringenden,
4593 3110 52 33 bis
4672 3118 104 35 einige
4801 3109 99 44 ſeiner
4927 3105 129 60 Freunde
5084 3112 211 43 hinzukamen
5311 3116 66 33 und
5403 3113 35 36 in
5450 3114 101 45 Folge
5577 3113 101 45 deſſen

4356 3155 82 43 ſeine
4464 3155 131 43 Gegner
4622 3155 174 41 fortliefen.

4423 3201 72 34 Nur
4522 3201 86 53 einer
4634 3201 170 41 derſelben,
4831 3202 60 35 wie
4917 3201 54 44 ſich
4998 3202 103 42 ſpäter
5128 3204 225 42 herausſtellte,
5380 3207 53 33 der
5459 3208 64 33 aus
5550 3205 123 45 Straß⸗

4354 3247 79 53 burg
4462 3247 180 43 gebürtigte
4673 3247 81 38 Koch
4783 3249 81 41 Ott,
4903 3250 51 32 der
4989 3249 52 34 bis
5077 3250 97 42 dahin
5209 3252 45 34 im
5280 3250 132 42 Dienſte
5448 3252 58 35 des
5532 3253 144 44 Prinzen

4353 3294 118 52 Alfred
4500 3301 64 26 von
4600 3294 155 43 England
4792 3294 169 43 geſtanden
5005 3295 86 41 hatte
5128 3302 68 29 und
5231 3296 52 42 für
5309 3299 59 33 den
5394 3297 196 44 Aufenthalt
5624 3302 53 32 der

4352 3340 145 42 Königin
4524 3347 66 26 von
4617 3339 155 43 England
4799 3340 37 34 in
4863 3339 121 43 Schloß
5001 3341 149 43 Roſenau
5177 3343 149 45 engagirt
5350 3349 80 36 war,
5435 3335 85 58 blieb
5546 3335 124 58 zurück.

4352 3386 45 33 Er
4424 3386 119 33 blutete
4568 3385 78 41 ſtark
4673 3395 50 24 am
4743 3385 204 42 Hinterkopfe
4973 3388 66 32 und
5068 3388 98 43 begab
5192 3386 54 44 ſich
5274 3389 61 34 mit
5360 3390 102 34 einem
5489 3390 186 44 inzwiſchen

4351 3430 325 44 hinzugekommenen
4704 3431 351 46 Polizei⸗Sergeanten
5090 3434 35 34 in
5158 3435 47 33 die
5233 3435 35 33 in
5295 3436 52 34 der
5373 3435 91 41 Nähe
5491 3436 184 43 befindliche

4349 3477 123 52 Klinik,
4496 3485 51 25 wo
4575 3477 83 52 ſeine
4684 3477 129 35 Wunde
4839 3478 180 40 unterſucht
5046 3481 65 32 und
5138 3479 120 44 genäht
5284 3481 88 41 und,
5400 3482 61 34 wie
5487 3491 78 26 man
5592 3481 83 45 ſagt,

4353 3523 51 39 für
4439 3523 83 39 nicht
4556 3518 168 62 gefährlich
4761 3523 150 45 gehalten
4948 3527 129 38 wurde,
5116 3525 109 41 wofür
5262 3526 76 42 auch
5374 3527 130 44 ſpricht,
5537 3528 62 43 daß
5626 3531 53 32 der

4353 3569 218 34 Verwundete
4597 3569 85 39 nicht
4707 3579 34 26 in
4770 3576 50 29 der
4844 3570 109 35 Klinik
4978 3570 160 43 behalten,
5165 3571 136 44 ſondern
5328 3573 36 35 in
5390 3572 83 43 ſeine
5492 3574 180 45 Wohnung

4357 3614 153 43 entlaſſen
4537 3616 121 34 wurde.

4375 3660 152 53 „Sechs
4553 3661 87 43 Tage
4666 3660 125 54 darauf,
4830 3670 54 26 am
4913 3664 52 31 10.
4991 3662 137 45 Auguſt,
5169 3663 84 40 ſtarb
5279 3664 62 36 Ott
5376 3674 42 25 an
5444 3664 234 43 Gehirn⸗Ent⸗

4352 3709 166 41 zündung.
4568 3707 78 40 Daß
4674 3706 130 40 dieſelbe
4831 3707 67 35 eine
4924 3708 99 44 Folge
5049 3712 53 31 der
5126 3708 128 36 Wunde
5281 3709 151 46 geweſen,
5468 3713 109 34 wurde
5602 3712 75 40 nach

4352 3757 68 30 dem
4439 3753 301 39 Sectionsbefunde
4764 3760 85 36 zwar
4874 3754 53 34 als
4954 3754 253 42 wahrſcheinlich
5236 3765 251 36 angenommen,
5512 3756 61 35 das
5599 3757 78 42 defi⸗

4351 3796 64 37 tive
4442 3799 123 40 Urtheil
4591 3798 145 43 hierüber
4773 3801 75 32 aber
4886 3806 64 27 von
4976 3803 57 31 den
5062 3801 132 42 Aerzten
5232 3802 52 34 bis
5310 3802 74 36 nach
5414 3812 141 34 genauer
5580 3803 90 40 Prü⸗

4351 3845 82 42 fung
4460 3847 52 32 der
4536 3844 358 45 Krankheitsgeſchichte
4919 3846 219 41 vorbehalten.
5188 3847 72 36 Wie
5287 3847 142 42 dasſelbe
5456 3848 221 45 ausgefallen,

4351 3889 37 39 iſt
4414 3893 67 31 uns
4508 3891 75 38 noch
4612 3891 83 37 nicht
4722 3891 134 34 bekannt
4889 3895 181 39 geworden.
5095 3912 46 5 —
5166 3893 65 35 Die
5256 3894 243 44 Unterſuchung
5528 3902 71 27 war
5625 3898 54 33 der

4351 3936 176 41 Vorſchrift
4562 3936 113 44 gemäß
4717 3943 64 27 von
4824 3939 85 33 einer
4943 3941 64 31 aus
5034 3937 149 37 Militär⸗
5222 3941 68 33 und
5317 3940 360 43 Civil⸗Gerichts⸗Per⸗

4350 3983 98 39 ſonen
4474 3981 331 44 zuſammengeſetzten
4833 3982 219 43 Commiſſion
5080 3984 140 46 geführt,
5263 3988 69 32 und
5369 3987 36 40 iſt
5439 3996 37 34 zu
5504 3989 171 37 erwarten,

4355 4029 62 43 daß
4447 4030 59 33 das
4534 4028 202 43 Erkenntniß
4764 4029 75 33 bald
4867 4031 130 42 ergehen
5023 4031 95 34 wird.

4422 4073 84 37 Noch
4533 4074 37 40 iſt
4594 4083 37 32 zu
4669 4075 168 40 bemerken,
4874 4075 60 41 daß
4969 4076 52 34 der
5048 4075 107 36 Säbel
5188 4077 55 34 des
5269 4076 126 40 Grafen
5420 4085 31 27 v.
5478 4079 198 44 Eulenburg

4353 4129 52 24 am
4432 4122 30 30 5
4490 4121 68 33 dem
4584 4120 424 44 Regiments⸗Commando
5036 4130 64 27 von
5126 4122 102 34 einem
5255 4123 163 43 Begleiter
5443 4126 56 33 des
5526 4125 61 35 Ott
5614 4127 66 34 mit

4351 4168 52 32 der
4429 4167 135 42 Angabe
4590 4167 190 43 eingeſchickt
4804 4169 131 33 worden
4971 4167 48 40 iſt,
5061 4178 30 24 er
5132 4169 80 38 habe
5249 4168 168 44 denſelben
5443 4170 36 34 in
5505 4171 52 35 der
5583 4171 94 43 Nähe

4356 4213 56 33 des
4438 4212 113 38 Ortes,
4579 4218 51 28 wo
4657 4211 52 42 ſich
4736 4214 51 33 der
4814 4212 130 41 Vorfall
4969 4216 196 44 zugetragen
5191 4213 68 44 hat,
5287 4215 174 43 gefunden.

4443 4260 117 40 Wenn
4594 4261 52 38 die
4688 4260 162 41 „Nordd.
4883 4262 95 48 Allg.
5011 4262 68 47 Z.“
5130 4272 80 30 nun
5251 4266 86 43 noch
5384 4265 89 48 ſagt,
5514 4264 67 46 daß
5611 4268 67 38 den

4355 4318 179 49 Vorgang
4567 4319 48 47 ſo,
4649 4318 65 39 wie
4746 4329 35 28 er
4813 4318 73 48 hier
4919 4317 133 51 erzählt
5082 4320 104 41 wird,
5227 4321 224 44 Jedermann
5484 4321 38 41 in
5555 4323 115 39 Bonn

4354 4376 116 43 kenne,
4518 4376 36 46 ſo
4598 4373 123 41 würde
4763 4377 80 47 doch
4886 4378 156 38 anderen
5083 4376 173 41 Blättern
5304 4380 58 38 als
5405 4382 58 37 der
5512 4379 162 47 „Nordd.

4354 4433 96 47 Allg.
4478 4433 70 46 Z.“
4598 4434 84 45 auch
4726 4433 135 40 Etwas
4903 4442 73 30 von
5018 4437 58 36 der
5120 4435 233 48 allgemeinen
5386 4437 186 44 Kenntniß
5613 4448 61 39 zur

4352 4490 126 38 Kunde
4512 4490 202 49 gekommen
4747 4490 84 47 ſein.
4894 4492 91 39 Was
5019 4492 82 38 aber
5143 4499 73 32 von
5258 4494 57 37 der
5347 4492 251 52 Verſicherung
5630 4506 42 38 zu

4350 4549 119 42 halten
4503 4547 49 46 iſt,
4584 4547 67 44 daß
4684 4550 58 35 der
4772 4547 109 49 junge
4913 4548 99 47 Graf
5039 4549 223 49 Eulenburg,
5299 4558 95 32 wenn
5435 4562 34 28 er
5500 4554 65 37 den
5598 4562 67 29 un⸗

4349 4602 198 49 glücklichen
4581 4604 140 49 Schlag
4754 4607 131 46 gethan
4920 4606 96 44 habe,
5058 4610 57 34 der
5149 4606 133 47 Strafe
5313 4610 59 36 des
5405 4608 150 50 Geſetzes
5590 4619 76 30 ver⸗

4350 4661 105 44 fallen
4489 4664 123 40 werde,
4646 4662 185 47 gleichviel,
4881 4663 148 44 welchen
5063 4663 140 40 Namen
5246 4674 34 28 er
5319 4663 113 49 führt,
5474 4667 192 48 gleichviel,

4351 4718 43 38 ob
4428 4728 35 27 er
4493 4720 60 36 der
4584 4718 217 39 Verwandte
4842 4719 95 38 eines
4971 4720 183 48 Miniſters
5196 4723 80 36 oder
5316 4724 58 36 der
5414 4723 123 48 irgend
5571 4725 96 39 eines

4349 4778 135 35 andern
4536 4772 165 51 Bürgers
4750 4775 58 48 iſt:
4854 4777 35 44 ſo
4932 4777 108 48 findet
5080 4778 84 46 dieſe
5208 4778 249 50 Renommage
5497 4780 67 40 mit
5607 4786 59 35 der

4349 4831 217 48 preußiſchen
4602 4832 306 49 Rechtsgleichheit
4949 4833 73 44 ihre
5054 4834 83 47 beſte
5167 4834 113 40 Kritik
5320 4835 36 40 in
5398 4839 58 37 der
5498 4838 168 47 Behand⸗

4349 4891 101 47 lung,
4483 4890 122 46 welche
4637 4894 58 34 der
4723 4891 96 37 eines
4852 4891 171 47 ſchweren
5050 4892 240 46 Verbrechens
5317 4894 226 50 beſchuldigte
5570 4895 100 49 Graf

4349 4947 191 48 gefunden.
4602 4948 99 39 Oder
4744 4951 139 36 werden
4926 4952 95 35 etwa
5061 4948 37 40 in
5140 4949 166 47 Preußen
5354 4953 66 37 alle
5459 4955 59 36 des
5558 4952 114 41 Todt⸗

4347 5005 136 48 ſchlags
4502 5005 291 49 Angeſchuldigte
4824 5005 50 39 im
4907 5006 263 49 Stubenarreſt
5201 5010 74 36 und
5309 5009 67 47 auf
5410 5009 119 46 freiem
5562 5010 99 50 Fuße

4350 5062 205 48 prozeſſirt?
4604 5083 55 7 —
4714 5063 133 45 Solche
4884 5063 221 47 Heucheleien
5150 5063 217 49 preußiſcher
5409 5066 249 51 Gerechtigkeit

4346 5120 97 47 ſollte
4475 5129 89 29 man
4595 5117 184 50 klüglicher
4811 5120 107 48 Weiſe
4951 5132 67 37 gar
5050 5120 91 48 nicht
5172 5123 98 45 mehr
5302 5124 201 46 verſuchen.

4433 5176 86 40 Die
4556 5179 45 35 17
4636 5178 388 47 Abgeordneten,
5074 5180 119 45 welche
5235 5181 141 47 geſtern,
5425 5183 58 37 der
5514 5181 152 40 Beleidi⸗

4346 5245 99 37 gung
4486 5237 60 35 des
4579 5234 264 50 Miniſteriums
4885 5236 211 48 angeklagt,
5137 5245 66 29 vor
5247 5240 76 36 dem
5355 5238 236 50 Kreisgericht
5623 5250 41 38 zu

4345 5292 234 47 Mohrungen
4613 5291 250 48 (Oſtpreußen)
4897 5294 156 44 ſtanden,
5085 5293 73 46 ſind
5191 5293 273 50 freigeſprochen
5497 5299 163 36 worden.

4345 5349 69 38 Die
4454 5349 156 48 Anklage
4651 5348 171 49 gründete
4862 5349 59 47 ſich
4963 5350 66 45 auf
5067 5352 100 38 einen
5208 5351 262 50 Wahlaufruf;
5504 5356 73 36 und
5610 5354 52 38 die

4345 5405 243 50 Angeklagten
4624 5407 113 45 haben
4779 5408 64 36 den
4891 5407 146 39 Beweis
5069 5410 57 36 der
5158 5409 187 47 Wahrheit
5377 5408 58 46 für
5467 5411 52 38 die
5550 5410 115 49 That⸗

4346 5464 118 47 ſachen
4505 5462 154 50 geführt,
4703 5464 37 39 in
4772 5464 100 38 deren
4906 5464 239 49 Vorhaltung
5191 5466 51 38 die
5283 5466 237 50 Beleidigung
5554 5477 109 40 gegen

4345 5523 69 37 das
4457 5520 243 45 Miniſterium
4742 5521 172 48 gefunden
4957 5524 135 37 wurde.
5154 5523 76 39 Der
5279 5522 232 52 Gerichtshof
5547 5527 116 42 nahm

4346 5581 66 36 den
4443 5577 145 40 Beweis
4619 5580 59 37 der
4709 5579 184 43 Wahrheit
4925 5579 58 39 als
5015 5579 156 44 erbracht
5203 5590 62 28 an.

4429 5636 75 38 Der
4538 5635 264 48 ſchleſiſche
4833 5634 274 51 Städtetag
5139 5635 91 48 faßte
5263 5640 106 36 unter
5395 5639 158 40 Anderm
5598 5640 68 46 fol⸗

4344 5697 107 44 gende
4483 5692 210 48 Beſchlüſſe:
4726 5693 69 39 Die
4815 5694 665 48 Handwerker⸗Fortbildungsſchulen
5514 5696 147 41 erklärte

4342 5753 59 35 der
4433 5749 203 50 Städtetag
4670 5751 57 38 als
4760 5752 72 38 eine
4864 5750 193 49 dringende
5089 5752 348 48 Communalſache,
5485 5753 52 40 die
5570 5755 92 41 ohne

4344 5807 307 49 Beanſpruchung
4706 5817 71 30 von
4828 5808 288 40 Staatsmitteln
5163 5819 41 38 zu
5250 5807 142 48 fördern
5448 5811 57 47 ſei.
5592 5811 69 40 Die

4345 5863 319 47 Städtechroniken
4697 5867 148 37 wurden
4879 5867 57 37 als
4976 5865 203 46 wirkſames
5228 5866 123 39 Mittel
5406 5878 60 36 zur
5506 5869 156 48 Hebung

4343 5924 58 37 des
4434 5920 277 47 Gemeinſinnes
4745 5923 217 47 empfohlen.
5023 5924 55 43 In
5105 5922 141 49 Betreff
5272 5924 58 38 der
5349 5924 311 52 Städteordnung

4917 6030 645 12 22—
5585 6036 62 7 **

4344 6059 168 48 Aurelia;
4559 6060 66 39 mit
4666 6057 252 51 eiferſüchtiger
4947 6057 224 49 Zärtlichkeit
5211 6060 170 47 bewachte
5422 6071 34 28 er
5486 6061 51 49 ſie,
5579 6063 86 38 aber

4343 6129 35 27 er
4403 6118 116 48 ſprach
4547 6116 108 46 außer
4681 6120 76 36 dem
4783 6117 103 47 tiefen
4917 6115 122 43 „Gott
5065 6115 42 50 ſei
5129 6116 132 40 Dank“
5292 6120 85 44 nach
5403 6119 61 38 des
5490 6120 169 39 Doctors

4347 6175 205 47 Ausſpruch
4583 6175 74 38 kein
4689 6175 118 39 Wort.

4429 6232 69 40 Die
4531 6231 108 47 Gäſte
4671 6232 169 49 ergingen
4881 6231 59 47 ſich
4973 6231 38 38 in
5053 6230 269 47 tauſendfachen
5354 6230 306 52 Vermuthungen

4344 6287 85 42 über
4476 6294 64 35 den
4587 6289 232 49 Mordanfall
4864 6291 75 36 und
4986 6290 163 47 drangen
5196 6288 65 48 auf
5300 6289 90 40 Lord
5430 6290 107 51 Lynn
5585 6291 68 40 mit

4346 6348 144 49 Fragen
4525 6347 69 40 ein.

4432 6405 108 41 „Wer
4570 6404 131 40 konnte
4732 6404 58 38 der
4821 6400 133 48 Thäter
4985 6402 95 47 ſein?
5121 6403 108 47 Hatte
5261 6414 34 28 er
5328 6404 148 40 Aurelia
5508 6405 150 47 wirklich

4342 6463 122 39 tödten
4497 6462 156 39 wollen?
4699 6460 75 40 Wie
4814 6459 129 39 konnte
4984 6460 41 47 ſie
5060 6459 101 40 einen
5202 6461 130 47 ſolchen
5364 6461 111 48 Feind
5519 6463 139 41 haben?

4342 6522 100 39 Oder
4482 6530 78 29 war
4600 6524 36 34 es
4676 6517 54 40 ein
4770 6516 258 46 Betrunkener,
5070 6521 57 35 der
5167 6518 50 39 im
5249 6518 155 54 Rauſche
5443 6519 52 40 die
5526 6519 134 51 Piſtole

4344 6578 201 48 abfeuerte?
4578 6579 80 36 oder
4690 6573 162 48 vielleicht
4885 6574 53 40 ein
4972 6574 189 40 verrückter
5191 6574 162 41 Bettler?
5384 6598 57 6 —

4427 6634 101 48 Dieſe
4557 6634 89 49 letzte
4677 6633 204 42 Annahme,
4915 6640 72 31 von
5021 6632 112 41 einem
5164 6635 59 36 der
5242 6633 163 49 Offiziere
5437 6635 220 48 ausgehend,

4341 6694 85 45 fand
4460 6689 233 51 allgemeinen
4725 6689 182 49 Anklang.
4968 6690 84 41 Von
5098 6690 153 40 Neuem
5279 6693 101 37 ward
5421 6691 89 40 Lord
5552 6692 107 49 Lynn

4342 6751 65 39 mit
4439 6751 142 47 Fragen
4615 6744 179 49 beſtürmt,
4826 6746 56 40 bis
4916 6758 35 28 er
4983 6748 130 45 endlich
5145 6747 108 50 ruhig
5286 6752 238 36 antwortete:

4432 6806 86 46 „Ich
4549 6806 60 48 ſah
4640 6806 66 37 den
4738 6805 124 39 Mann
4895 6816 73 28 nur
4999 6804 157 50 flüchtig.
5218 6804 52 41 Er
5302 6806 107 48 ſchien
5430 6806 59 49 ſich
5524 6807 45 39 im
5588 6800 67 59 Ge⸗

4342 6863 95 49 büſch
4470 6863 197 47 verborgen
4702 6862 165 49 gehalten
4898 6873 41 39 zu
4972 6864 115 46 haben
5120 6865 73 37 und
5234 6863 60 46 lief
5331 6868 100 35 dann
5473 6862 87 42 über
5591 6868 65 36 den

4342 6922 226 47 Raſenplatz;
4600 6930 34 28 er
4665 6923 85 45 trug
4783 6920 145 48 dunkele
4959 6921 157 51 Kleider;
5155 6920 71 51 ſein
5268 6921 136 49 Geſicht
5433 6922 130 40 konnte
5608 6922 48 47 ich

4344 6980 92 46 nicht
4467 6978 139 47 ſehen.“

4428 7035 136 41 Wieder
4594 7034 124 41 waren
4752 7037 65 38 alle
4850 7034 205 51 enttäuſcht,
5086 7037 46 38 da
5163 7035 42 50 ſie
5243 7035 92 40 keine
5377 7046 175 39 genauere
5582 7034 72 41 Be⸗

4342 7094 203 47 ſchreibung
4579 7100 75 32 von
4686 7096 77 37 dem
4795 7093 134 47 Thäter
4961 7094 179 46 erhielten.
5203 7092 161 46 Aurelia,
5395 7094 51 39 die
5466 7093 76 47 auch
5563 7094 89 39 Lord

4341 7150 138 52 Lynn’s
4511 7151 150 41 Worten
4695 7153 174 48 gelauſcht
4901 7152 108 48 hatte,
5041 7152 83 48 ſank
5154 7152 66 39 mit
5260 7152 113 38 einem
5414 7149 154 51 Seufzer
5599 7152 58 37 der

4342 7209 267 51 Erleichterung
4650 7210 67 47 auf
4753 7211 69 39 das
4871 7210 140 49 Sopha
5042 7206 139 53 zurück;
5236 7210 84 38 aber
5359 7208 135 48 darauf
5531 7208 127 46 achtete

4345 7267 194 40 Niemand.

4434 7325 94 49 „Sie
4558 7324 74 49 ſind
4663 7326 147 48 ſchwach
4842 7327 74 37 und
4949 7327 177 41 ermattet,
5157 7324 98 45 liebe,
5284 7321 111 50 junge
5424 7321 131 43 Dame,
5582 7323 76 38 und

4343 7383 72 40 kein
4447 7383 207 41 Wunder!“
4690 7384 95 48 ſagte
4816 7384 71 39 Dr.
4928 7382 143 41 Gillies.
5143 7381 71 48 „Je
5255 7380 77 48 eher
5373 7379 69 39 Sie
5481 7377 66 48 auf
5582 7378 75 45 Ihr

4343 7441 171 48 Zimmer,
4547 7441 38 39 in
4617 7441 73 44 Ihr
4720 7440 85 40 Bett
4835 7440 182 45 kommen,
5057 7440 89 46 deſto
5186 7435 142 50 beſſer.
5384 7433 155 42 Können
5586 7437 72 40 Sie

4345 7500 122 49 gehen,
4502 7501 80 38 oder
4613 7499 110 48 ſollen
4755 7498 68 40 wir
4856 7498 71 41 Sie
4956 7496 179 50 tragen?“

4436 7557 149 51 „Danke
4616 7556 139 49 Ihnen,
4787 7557 71 39 Dr.
4891 7555 145 44 Gillies,
5070 7553 45 44 ich
5160 7550 96 41 kann
5297 7559 91 40 ganz
5430 7553 65 45 gut
5535 7552 122 48 gehen.

4346 7616 70 41 Sie
4447 7616 143 45 machen
4622 7615 86 45 mich
4740 7613 157 46 kränker,
4930 7614 58 37 als
5020 7611 46 45 ich
5099 7608 74 39 bin.
5236 7607 54 40 Es
5321 7616 79 29 war
5431 7608 127 47 nichts,
5585 7619 74 29 nur

4343 7677 59 37 der
4433 7672 169 50 plötzliche
4635 7671 158 48 Schreck.
4854 7671 94 45 Noch
4980 7667 56 40 nie
5068 7666 59 38 bin
5160 7665 46 45 ich
5240 7665 35 47 ſo
5307 7664 163 48 weichlich
5503 7668 155 47 geweſen

4346 7753 54 7 —
4432 7730 46 48 ich
4510 7731 88 45 habe
4629 7732 65 37 den
4726 7729 98 49 Tanz
4855 7725 254 41 unterbrochen
5142 7724 75 37 und
5251 7722 87 39 alles
5370 7722 150 49 zerſtört.
5582 7724 77 40 Wie

4322 7790 149 39 albern
4504 7796 75 31 von
4610 7787 90 40 mir!
4763 7786 80 39 Und
4876 7783 70 41 Sie
4976 7781 75 39 Alle
5097 7779 72 48 find
5200 7780 36 46 ſo
5280 7778 207 48 freundlich.
5558 7781 100 40 Bitte

4345 7846 171 40 vielmals
4546 7856 63 29 um
4640 7843 236 50 Verzeihung,
4908 7839 83 39 liebe
5022 7838 96 48 Lady
5150 7836 180 49 Midgett“
5373 7839 100 49 ſagte
5511 7840 149 38 Aurelia

4344 7904 172 47 lächelnd,
4548 7902 66 41 mit
4644 7902 94 40 einer
4769 7898 192 48 ſchwachen
4993 7895 254 49 Anſtrengung
5278 7895 61 48 ſich
5371 7906 42 39 zu
5444 7896 160 47 erheben.

4438 7960 61 44 „O
4530 7960 95 43 liebe,
4656 7959 83 39 liebe
4771 7954 78 45 Miß
4881 7954 138 49 Darcy,
5053 7952 107 46 bitte,
5200 7952 86 40 bitte
5326 7954 107 48 ſagen
5474 7952 70 42 Sie
5583 7964 75 29 nur

4345 8020 129 46 nichts.
4505 8040 56 6 —
4590 8016 78 40 Wir
4699 8014 74 48 ſind
4803 8013 36 50 ſo
4871 8011 138 49 beſorgt
5040 8020 65 30 um
5145 8009 71 41 Sie
5265 8032 53 6 —
5372 8012 68 39 wir
5494 8010 72 49 ſind
5621 8013 35 46 ſo

4346 8075 166 57 glücklich,
4546 8074 67 52 daß
4645 8076 36 37 es
4714 8073 64 54 gut
4811 8067 347 60 vorübergegangen
5189 8090 55 14 —
5288 8066 68 51 daß
5403 8069 124 48 Ihnen
5583 8069 74 43 kein
