6130 8360
1557 294 114 42 Span.
1682 295 104 46 404½.
1842 297 85 44 Mer.

802 2963 111 33 dende
937 2960 199 46 gehandelt.

3328 319 59 15 ☛

3331 1188 49 31 32
3418 1199 20 21 a
3470 1206 44 6 —
3535 1186 59 35 Gr.

616 290 16 4 H
2056 300 5 3 5
2309 297 25 19 &
2480 300 30 12 S
2734 309 5 9 *
3046 305 140 27 taats⸗A
3205 304 90 31 Meibe

610 291 275 39 „London,
914 293 31 31 7.
972 291 81 34 Jan.
1104 291 146 42 Conſols
1272 292 100 44 91¾.
1417 295 114 39 1proc.
2050 299 177 45 Berlin,
2259 299 31 32 7.
2308 309 120 35 Jan.
2464 302 426 40 (Staatapapiere.)
2924 297 57 68 Pr.
3010 303 255 33 Staats⸗Anlei!

608 326 62 48 21.
715 337 108 36 Sard.
843 337 101 45 81½.
970 304 58 65 f
1061 337 84 43 pro
1164 338 118 45 Ruſſen
1299 342 56 30 92.
1403 342 108 39 5proc.
1528 343 51 31 do.
1599 345 77 29 104.
1981 346 85 34 1859
2100 345 61 31 105
2188 344 45 44 bz.
2314 348 52 31 do.
2388 347 143 41 1850⁄
2567 345 109 46 100½
2704 350 43 40 bz.
2818 353 56 47 do.
2898 351 84 29 1356
2997 349 121 53 100½
3139 349 52 56 bz.
3245 358 49 56 er

607 383 202 45 BZPörIſe
836 384 63 40 ſehr
925 384 80 43 flau.
1982 392 84 31 1853
2103 392 42 31 96
2176 391 43 34 G.
2285 391 328 44 Staats⸗Schuldſch.
2626 397 50 67 8G
2703 396 43 33 G.
2839 395 363 89 A
3217 399 77 76 8„&

749 432 4 7 ie
800 432 94 34 Bank
920 439 38 27 von
1011 431 157 36 England
1218 434 33 32 hat
1277 434 58 34 den
1362 433 169 36 Disconto
1559 442 64 27 von
1649 435 36 34 G
1711 435 60 44 auf
1794 436 31 42 7
1846 436 80 42 pCt.
1979 437 42 41 bz.
2104 436 133 43 Oeſterr.
2263 438 175 36 Nat.⸗Anl.
2462 442 43 31 48
2543 450 8 22 a
2575 440 91 44 48¼
2706 442 43 43 bz.
2873 449 264 46 uſſiſch⸗Stiegl.
3187 468 6 6 6.
3220 453 74 23 Anl.

608 431 165 88 Beide
962 440 22 30 12
1055 442 31 33 2⁄⁄
1196 433 16 40 j
1978 481 88 44 98¾
2096 482 43 36 G.
2220 485 99 44 Engl.
2351 486 79 35 Anl.
2453 484 109 49 101¼
2589 486 42 35 G.
2714 488 156 40 Deſſauer
2896 489 211 39 Präm.⸗Anl.
3133 486 89 46 92¼
3249 489 44 43 bz.

606 514 57 10 B
1940 529 396 44 ◻GBank⸗Actien.)
2412 531 209 44 Braunſchw.
2649 534 58 35 Bk.
2740 538 44 30 64
2809 538 73 31 etw.
2910 536 43 34 G.
3026 535 116 50 Hamb.
3168 535 124 53 Nardd.

1979 576 58 33 Bk.
2064 578 42 31 77
2134 576 41 36 G.
2272 579 51 33 do.
2350 578 217 36 Vereins⸗Bk.
2594 579 88 45 97½
2714 581 42 34 G.
2853 583 152 39 Hannov.
3034 582 58 34 Bk.
3128 581 89 44 90¾
3236 581 57 54 B.

610 637 1 3 —
791 643 5 5 1
1015 604 507 56 Cours-Bericht
1979 622 132 36 Bremer
2125 624 68 81 of
2218 623 88 87 ⅝
2323 624 44 35 G.
2409 625 151 89 F
2574 625 73 80 Ord
2702 627 248 82 B
2969 631 54 83 C
3049 638 47 70 z.
3107 628 31 35 P
3196 630 94 85 fr

659 688 3 3 t
838 679 69 15 531
1083 682 2 2 ꝑ
1248 683 7 10 8
1500 678 86 23 ins
1979 674 51 30 dr,
2057 672 41 31 57
2161 694 6 7 G.
2268 680 115 26 eſſauer
2431 681 31 23 do.
2539 690 14 26 9⅝
2580 684 20 22 a
2717 683 23 35 z.
2769 684 31 23 u.
2863 699 8 8 B.
2954 684 98 26 Oeſterr.
3102 686 29 23 do.
3233 693 12 25 4

634 682 60 34 des
729 681 300 48 vereidigten
1056 680 30 33 N
1160 680 44 34 i
1276 681 100 91 e
1400 680 174 92 ☛
1589 678 314 93 ☛
1978 715 87 44 50⁄
2088 728 18 21 a
2122 719 42 31 51
2192 716 44 45 bz.
2262 691 40 61 u.
2322 718 42 35 B.
2405 718 364 41 Disc.⸗Comm.⸗Anth.
2796 720 88 45 79½
2912 723 44 42 bz.
3003 721 205 90 eigene
3225 725 66 83 7.

643 738 2 4 M
1281 750 230 31 AMnOY
1455 746 50 65 T
1562 764 7 8 i
1624 750 109 21 nnar
1850 762 10 10 f
1977 763 182 42 Actien.)
2204 762 301 37 Cöln⸗Mindener
2532 764 110 45 122½
2671 766 42 35 B.
2771 766 231 42 Coſel⸗Oderb.
3028 768 138 40 (Wilhb.)
3201 770 90 41 31½

611 798 26 6 8
1165 789 50 92 2⁄
1363 811 79 32 Dr
1467 810 79 34 D
1574 810 186 55 er
1817 832 87 34 C
1979 809 43 35 z8.
2085 809 121 41 Du
2255 810 96 83 f
2387 807 158 88 Skäukkk.
2581 811 111 85 e
2727 814 44 80 k
2831 814 91 79 AAr)
2947 815 66 81 a
3028 814 191 89 ⁄₁⁄₁
3236 815 52 89 8

605 840 699 42 MAcellien-Gesellschaften.
1356 857 190 32 1858/1859
1572 855 38 32 F.
1979 855 242 49 gationen.)
2314 866 247 26 Cöln⸗Mindener
2684 878 15 25 2
2762 884 7 9 B.
2852 871 29 24 do.
2934 887 5 4 2.
3000 870 81 25 Emiſſ.
3204 879 13 25 4
3282 885 7 8 bz.

845 916 23 33 he
913 916 172 33 Rankacti
1354 914 67 43 5⁄½
1480 914 50 42 5¾
1583 915 21 30 4
1687 916 41 31 91
1836 913 90 47 90½
1978 904 51 32 do.
2062 903 30 32 4.
2125 901 110 45 Emiſſ.
2270 904 89 44 81¾
2395 904 43 43 bz.
2512 905 129 41 Oeſterr.
2661 905 117 44 Franz.
2802 909 67 31 244
2895 906 45 43 bz.
3022 908 132 39 (Gold
3199 909 89 32 und

608 917 234 81 M
871 928 117 68 Pf
1015 927 42 70 8
1077 927 78 67 H
1176 939 46 55 A.
1279 938 50 56 Sr
1362 928 36 70 ☚
1423 932 25 26 ½
1978 948 305 45 Papiergeld.)
2380 950 260 36 Louisd’or
2583 940 68 62 109
2668 954 45 42 bz.
2800 953 56 42 Fr.
2881 953 83 35 Bkn.
2991 963 42 24 m.
3060 954 41 33 R.
3130 952 88 45 99
3244 954 46 44 bz.

642 974 211 23 iedersächs.
936 975 59 21 Tt.-
1062 988 7 7 .
1152 987 8 8 KA.
1259 986 8 8 P.
1321 985 9 10 .
2230 996 8 24 ;

702 1007 179 48 v
1114 1031 213 56 A
1377 1008 19 76 z
1503 1006 20 78 5
1584 1007 21 78 4
1688 1004 91 98 8⅜„&f
1837 1072 45 7 B
2071 1041 64 35 Die
2164 1041 100 44 Börſe
2290 1049 69 29 war
2393 1044 92 42 heute
2512 1044 32 34 in
2573 1045 104 34 etwas
2704 1045 136 44 flauerer
2865 1045 170 45 Haltung;
3081 1055 32 24 in
3148 1047 141 53 öſterrei⸗

607 1055 118 34 B
753 1057 37 32 e
818 1067 58 22 u
892 1056 149 61 „Pin
1067 1065 33 23 n
1171 1066 54 21 Weh.
1356 1097 60 34 10⁄
1517 1100 6 31 5
1687 1072 89 60 5802⁄
1836 1118 46 6 —
1978 1086 128 42 hiiſchen
2134 1087 126 40 Sachen
2287 1090 110 38 wurde
2424 1089 139 46 Einiges
2590 1092 191 43 gehandelt;
2817 1092 111 54 preuß.
2955 1093 115 54 Fonds
3096 1094 67 32 und
3190 1093 99 39 Prio⸗

607 1097 485 102 ☚—V—
1112 1116 412 54 B
1584 1147 21 31 5
1688 1149 44 31 26
1837 1165 42 6 —
1978 1134 118 34 ritäten
2131 1142 108 29 waren
2279 1136 198 44 angenehm;
2528 1136 227 46 Eiſenbahnen
2800 1139 125 35 blieben
2975 1149 45 26 im
3060 1139 143 45 Ganzen
3235 1139 54 45 feſt

642 1167 24 14 —
710 1168 21 13 —
861 1163 24 25 *.,—
920 1174 8 8 *
1035 1166 24 14 V
1145 1162 20 24 „.
1183 1170 8 9 „
1217 1169 7 9 „
1247 1162 12 24 ,„
1885 1192 2 2 8
1979 1180 72 35 aber
2078 1168 73 60 ſtill.

606 1193 411 44 Deister-Bergw.-Ges.
1008 1189 14 53 .
1044 1218 7 8 .
1077 1217 8 10 .
1110 1217 9 9 .
1146 1217 8 8 .
1181 1216 7 9 .
1215 1217 8 9 .
1250 1217 8 9 .
1284 1195 113 32 .„5
1504 1195 20 30 5
1584 1194 21 31 5
1629 1189 6 52 ⁰
1687 1194 46 32 40
1837 1212 43 5 —

607 1240 165 35 Hannov.
796 1239 290 45 Eisengiesserei
1079 1235 15 53 .
1111 1246 9 25 .
1146 1263 8 9 .
1180 1264 9 8 .
1216 1264 9 8 .
1251 1254 8 19 .
1286 1264 8 8 .
1320 1265 9 9 .
1378 1241 19 31 5
1505 1240 20 32 5
1584 1240 21 31 55.
1688 1240 45 32 90
1837 1257 22 6 —
2698 1285 1 3 1

608 1286 257 34 Zuckerfabrik
888 1287 174 42 Neuwerk
1082 1309 7 8 .
1115 1308 9 10 .
1148 1309 9 8 .
1183 1309 8 9 .
1217 1310 8 9 .
1251 1310 8 10 .
1286 1310 8 9 .
1320 1311 8 11 .
1357 1284 86 47 10⅚
1465 1284 83 45 6⁄₁o₀₈i
1598 1280 65 55 5.
1689 1302 44 8 —
1839 1304 40 5 —
2494 1302 280 40 Banmwolle.

603 1334 200 33 Einbecher
830 1332 134 34 Zucker
982 1332 104 55 Fabr.
1104 1356 16 10 .
1147 1356 7 9 .
1181 1357 7 9 .
1217 1357 7 10 .
1256 1357 3 9 .
1292 1357 2 8 .
1504 1333 101 32 e
1833 1346 48 69 40
2047 1360 14 15 *
2079 1357 271 43 Liverpool,
2372 1360 31 31 7.
2415 1358 147 43 Januar.
2598 1361 79 42 (Per
2694 1361 205 44 Telegraph.)
2928 1363 113 32 10000
3054 1364 88 33 Ball.
3157 1364 130 43 Umſatz.

604 1379 133 80 ⁸⅜
766 1375 145 89 Füättet.
932 1379 63 78 Ab
1019 1379 71 78 EEB-
1112 1379 32 78 H
1149 1402 178 12 A
1378 1397 146 7 A
1579 1376 25 85 Hs
1688 1396 46 8 —
1838 1426 42 31 45
1978 1405 106 43 Preiſe
2109 1414 98 36 gegen
2234 1404 179 45 vorgeſtern
2440 1406 228 36 unverändert.
2983 1413 2 2 z

642 1434 68 35 do.
827 1437 30 22 O.
951 1436 29 22 O.
1048 1432 38 36 lt.
1144 1449 43 10 „„
1377 1444 43 6 —
1487 1444 40 5 —
1688 1443 46 6 —

956 1487 3 2 p
1129 1468 3 3 p
2534 1476 214 40 Getreide.

901 1495 430 67 —
1712 1550 30 27 11
2047 1533 190 38 Berlin,
2263 1533 32 33 7.
2319 1532 85 42 Jan.
2451 1533 126 44 Weizen
2605 1537 66 32 loco
2707 1537 43 30 73
2785 1547 17 21 a
2829 1536 43 32 85
2900 1537 88 38 Thlr.
3015 1542 54 34 pr.
3088 1537 90 32 2100
3198 1536 88 44 Pfd.,

791 1603 55 33 43.
911 1601 90 54 Je.
1062 1600 56 33 4.
1158 1600 41 33 3
1329 1611 33 22 u.
1384 1601 42 31 100
1515 1621 9 11 .
1583 1621 9 10 .
1616 1623 8 8 .
1682 1614 67 68 993
1816 1619 77 72 995
1910 1616 17 28 3
1978 1623 89 39 Thlr.
2093 1632 48 34 pr.
2168 1626 90 33 2100
2282 1624 77 44 Pfd.
2407 1626 137 44 Roggen
2570 1628 69 34 loco
2674 1628 92 44 50½
2792 1639 19 22 a
2836 1631 42 30 51
2905 1628 91 40 Thlr.
3023 1629 74 38 nach
3120 1623 167 65 Hualität

606 1650 121 42 4proc.
786 1649 56 33 do.
913 1647 55 33 do.
991 1658 37 21 in
1043 1646 90 33 Gold
1181 1646 22 79 H
1228 1643 90 86 109⁄½
1330 1657 35 22 z,
1384 1647 69 79 F
1478 1668 46 13 „
1749 1645 26 45 g
1838 1659 89 79 99⁄₀
1978 1677 47 31 pr.
2052 1671 163 49 2000pfd.
2239 1672 71 43 bez.,
2336 1672 135 41 Januar
2485 1672 89 45 50¼
2610 1683 10 24 a
2648 1673 20 44 ⁵
2701 1674 90 39 Thlr.
2810 1675 72 43 bez.,
2908 1674 89 71 ⁸
3026 1674 71 42 Br.,
3123 1673 91 47 50½
3229 1676 92 41 G.,

606 1740 51 43 8
789 1695 57 79 38.
909 1693 59 80 3⁸
990 1739 8 8 .
1051 1693 88 79 Ca⸗
1331 1702 34 24 u.
1480 1714 16 13 n
1552 1716 8 10 e
1617 1716 8 10 .
1838 1739 18 31 9
1860 1710 67 72 6e½
1978 1718 69 42 Jan
2062 1717 63 43 a
2176 1718 29 70 e
2273 1719 118 87 b
2407 1730 19 21 a
2445 1717 48 82 ½
2529 1720 78 89 Pr
2631 1721 74 85 bes
2725 1731 43 69 ⁄
2790 1720 109 80 ⁸f
2899 1723 44 87 3
2961 1720 116 88 88
3103 1722 183 90 Wien

658 1749 114 41 2proc.
813 1752 31 22 O.
933 1751 31 22 O.
988 1747 36 50 1/4
1137 1750 19 21 U
1184 1762 1 10 „
1209 1761 8 11 .
1242 1762 9 10 .
1276 1761 10 11 .
1311 1762 8 9 .
1345 1763 8 9 .
1380 1763 8 9 .
1413 1763 9 9 .
1447 1762 10 11 „
1482 1762 9 11 .
1516 1762 9 10 .
1552 1763 9 10 .
1585 1761 8 10 .
1688 1757 42 6 —
1978 1764 78 35 Mär
2098 1767 43 30 50
2161 1767 26 41 2.
2215 1775 20 22 a
2289 1782 15 25 2
2367 1801 2 4 ;
2394 1774 25 25 r.
2468 1775 50 34 ez.,
2575 1776 35 24 rü
2636 1775 31 34 ja
2695 1776 13 24 r
2792 1778 21 21 a
2908 1757 19 58 8.
2952 1779 21 21 a
3131 1779 17 27 h
3184 1793 8 8 .
3234 1779 12 23 be
3265 1793 19 18 .

604 1786 167 92 —
792 1788 56 77 Kaf
867 1833 18 32 3
907 1786 60 78 8
987 1797 40 67 e
1062 1785 112 79 i
1195 1804 83 64 Obl.
1296 1808 36 55 in
1357 1804 98 65 Cour
1480 1808 112 11 .
1665 1783 110 93 ☚
1817 1799 69 79 100.
1980 1808 59 53 Br.
2060 1774 36 71 3
2124 1805 56 53 G.,
2206 1810 37 35 V
2300 1810 85 89 de
2408 1812 90 43 50.
2523 1815 89 76 8.0
2634 1807 87 100 Pßd.
2746 1813 91 89 &§
2864 1814 60 80 bes
2976 1813 115 80 BPf.
3114 1824 37 69 ⁄
3198 1815 86 87 ☚

657 1845 113 33 roc.
820 1844 119 22 Eendes
970 1843 73 21 Vrell
1078 1839 80 60 an
1267 1855 35 30 SOphm
1371 1851 118 15 Ponr.
1523 1854 2 11 .
1979 1859 105 41 kleine,
2118 1859 44 31 43
2200 1869 19 20 a
2255 1859 43 30 47
2324 1857 90 35 Thlr.
2441 1865 48 34 pr.
2592 1862 21 30 0
2709 1885 6 7 Pfd.
2774 1868 88 44 Lafer
2914 1868 55 26 loco
2995 1862 8 15 26
3070 1871 20 21 a
3101 1849 46 67 29
3183 1871 100 32 Thlr.,

605 1881 22 33 3
651 1880 22 44 ½
682 1876 91 61 proc.
913 1879 55 33 do.
1100 1876 65 55 do.
1292 1888 36 21 in
1355 1877 92 33 Gold
1463 1871 20 60 .
1503 1902 1 10 .
1549 1902 10 10 .
1583 1901 8 11 .
1618 1902 7 8 .
1688 1869 50 91 3a
1838 1876 87 46 99⅝
1977 1903 167 43 Lieferung
2170 1910 48 36 pr.
2236 1903 136 42 Januar
2397 1903 88 44 27⅓
2511 1903 89 40 Thlr.
2621 1906 71 42 bez.,
2718 1906 165 42 Frühjahr
2900 1908 43 31 28
2958 1906 88 54 Thlr.
3075 1906 61 55 bez.
3164 1917 30 23 u.
3210 1908 72 41 Br.,

583 1928 141 44 4proc.
749 1925 253 43 Bückeburger
1028 1924 117 43 Oblig.
1171 1922 21 33 à
1217 1924 89 32 1000
1324 1933 34 24 u.
1374 1921 117 49 500
1454 1917 6 59 i
1473 1917 16 59 /ſ
1515 1947 10 12 .
1550 1949 10 10 .
1583 1948 9 11 .
1613 1948 9 11 .
1666 1926 41 31 10
1733 1969 15 26 .
1836 1941 45 7 s
1976 1949 90 45 272¾
2092 1949 55 41 G.,
2196 1948 179 43 Mai/Juni
2400 1949 86 45 28¼
2516 1951 88 41 Thlr.
2632 1952 72 43 Br.,
2729 1954 43 31 28
2807 1952 55 40 G.,
2911 1948 98 58 Juni/
3023 1952 66 43 Juli
3126 1955 43 31 29
3194 1953 89 44 Thlr.

836 1972 60 33 do.
1007 1970 55 33 8s
1164 1969 21 33 à
1212 1970 64 32 100
1291 1962 58 79 „₈.
1409 1994 9 9 .
1443 1993 9 12 .
1482 1994 5 12 .
1555 1962 14 79 .
1616 1995 9 10 Z
1666 1970 110 44 100¾
1836 1988 45 6 —
1978 1997 61 35 Br.
2086 1994 131 43 Erbſen,
2258 1996 97 38 Koch⸗
2387 2005 35 25 u.
2454 1997 222 41 Futrerwaare
2710 2001 44 31 48
2785 2010 20 21 a
2830 2001 43 31 58
2899 1998 89 37 Thlr.

851 2025 533 40 Prioritäts-Actlen.
2022 2041 136 36 Rüböl
2184 2046 67 30 loco
2281 2042 86 43 11½
2393 2043 89 35 Thlr.
2508 2044 98 88 m
2620 2035 146 57 flüſſiges
2782 2045 117 78 d
2924 2046 103 87 Tu
3041 2045 72 79 22⁄
3148 2045 28 90 Z
3234 2055 51 72 e

660 2100 7 7 .
891 2088 8 12 3
1020 2085 201 33 Spinner.-
1241 2080 31 52 u.
1353 2084 206 36 Weber.-Prior.
1583 2109 9 10 .
1639 2110 1 9 .
1687 2105 43 5 —
1815 2088 65 32 102
1977 2090 65 34 und
2068 2087 291 43 Januar/Februar
2387 2088 104 45 11⁄₁₂
2518 2101 18 21 a
2571 2089 50 43 1½
2665 2091 88 40 Thlr.
2803 2101 51 32 bez.,
2907 2094 64 50 1½
3031 2100 37 32 Br.,
3122 2109 78 35 11b₄
3261 2115 20 20 G.,

603 2088 121 88 ☚
744 2089 77 77 F
958 2086 114 89 e
1136 2095 79 69 e
1313 2095 120 69 e
1452 2097 32 67 R
1511 2098 47 68 V.
1692 2151 39 6 —
1836 2152 45 6 —
1975 2134 202 44 Febr./März
2204 2133 106 45 11bi₂₂
2336 2134 88 42 Thlr.
2454 2137 72 50 Br.,
2551 2136 87 51 11½
2659 2136 61 51 G.,
2746 2136 186 43 April/Mai
2965 2135 89 46 11⅞
3077 2137 87 43 ₂₄⁹
3190 2137 90 42 Thlr.

602 2156 119 72 5proc.
745 2180 113 32 Prior.
897 2178 59 33 der
987 2178 130 32 Ilseder
1150 2177 130 40 Hütte,
1314 2188 78 32 neg.
1427 2177 110 35 durch
1571 2179 55 34 die
1977 2182 60 42 bez.
2071 2189 32 25 u.
2130 2180 70 40 Br.,
2237 2181 40 31 11
2306 2180 62 52 G.,
2403 2176 85 60 Mai/
2503 2191 77 30 Juni
2616 2181 86 44 11¾
2738 2194 19 21 a
2790 2182 43 45 ⅝
2863 2183 88 42 Thlr.
2978 2183 72 43 bez.,
3087 2179 60 65 Br.
3175 2193 32 24 u.
3235 2185 43 43 G.

755 2227 8 7 in
833 2230 2 3 ins
953 2224 61 18 redi
1235 2247 77 9 „.
1338 2247 8 9 .
1402 2220 14 38 .
1516 2216 19 57 .
1581 2248 9 10 .
1685 2226 43 33 76
1834 2243 44 5 —
1973 2225 108 37 eeinöl
2106 2226 70 34 loco
2197 2227 66 33 und
2289 2225 166 46 Lieferung
2482 2229 40 30 11
2553 2227 88 39 Thlr.

695 2227 196 41 Meininger
915 2223 214 34 Creditbank
1145 2219 23 54 .
1200 2247 8 9 .
1347 2250 33 14 F.
2056 2276 11 3 öl
2133 2276 2 5 lo
2520 2274 9 4 t
3043 2274 24 18 8

942 2265 345 54 Geldsortem.
2046 2272 151 36 Sprichus
2249 2275 65 32 loco
2354 2273 81 41 ohne
2466 2274 68 41 Faß
2569 2275 43 31 20
2662 2285 9 22 a
2723 2275 27 43 ¼
2784 2274 91 43 Thlr.
2913 2275 83 49 bez.,
3041 2284 136 32 Januar
3211 2285 44 25 un

947 2310 7 53 1j
1730 2339 79 33 „⁄ſ.
1857 2339 34 35 3½¹
1971 2313 115 65 Januar
2099 2313 175 65 /Februar
2300 2317 90 45 20⅜
2416 2332 17 19 a
2462 2319 59 45 ⁄ͥ₁
2553 2319 85 41 Thlr.
2677 2321 59 44 bez.
2774 2330 33 25 u.
2847 2321 69 42 Br.,
2955 2321 89 53 20½
3080 2322 63 53 G.,
3172 2322 107 43 Febr.⸗

599 2341 145 33 Kronen
770 2341 20 33 à
815 2344 21 31 8
861 2340 100 33 Thlr.
988 2341 42 31 12
1055 2335 85 50 Ngr.
1167 2337 91 33 Gold
1298 2361 10 9 .
1333 2360 9 12 .
1367 2361 10 10 .
1402 2361 9 10 .
1448 2360 1 12 .
1542 2361 10 11 .
1577 2362 10 11 „
1639 2343 32 31 9.
1704 2344 22 31 4
1743 2341 27 45 ¾
1787 2364 33 55 2.
1882 2341 41 71 ½
1973 2350 94 61 März
2093 2363 89 45 20½
2210 2376 20 22 a
2265 2363 42 45 ½¾
2336 2353 89 56 Thlr.
2459 2367 59 39 bez.
2560 2378 30 20 11.
2631 2356 70 54 Br.,
2737 2366 90 45 202⅞
2866 2358 54 54 G.,
2960 2358 184 54 April/Mai
3190 2368 90 46 20⅞⅝

599 2387 292 81 ——
917 2410 8 9 .
951 2410 8 9 .
987 2409 8 10 .
1020 2409 10 10 .
1055 2409 9 9 .
1089 2408 9 10 .
1124 2409 8 9 .
1159 2408 9 9 .
1193 2408 9 9 .
1227 2408 9 9 .
1262 2407 12 23 .
1296 2408 9 9 .
1330 2408 10 10 .
1367 2407 4 11 .
1401 2408 9 9 .
1447 2408 1 9 .
1540 2408 10 10 .
1615 2381 27 53 .
1683 2405 44 7 —
1784 2388 35 82 3⁄.
1835 2389 41 77 ⁸
1894 2394 96 50 a
2016 2410 89 46 21½
2129 2412 89 39 Thlr.
2245 2411 72 44 bez.,
2344 2412 59 69 Br.
2428 2421 34 73 2
2491 2412 70 80 8
2573 2412 176 82 7f
2775 2416 34 76 z
2837 2414 23 80 ½
2890 2425 20 21 d
2958 2413 21 81 e
3002 2413 91 41 Thlr.
3120 2415 71 43 bez.,
3219 2416 59 34 Br.

624 2430 187 50 overeigns
849 2456 78 10 „„
1022 2456 8 9 .
1089 2456 45 26 „.
1160 2454 8 10 o
1198 2454 3 10 „
1229 2455 8 9 „
1264 2454 9 10 „
1299 2454 8 10 „
1332 2454 10 11 „
1367 2454 9 11 „
1401 2454 9 11 „
1438 2455 9 10 „
1472 2455 10 10 „
1506 2455 10 10 „
1576 2455 10 11 „„
1681 2452 46 7 —
1811 2457 9 9 2
1972 2468 31 24 u.
2030 2446 56 57 G.,
2110 2446 178 58 Juni/Juli
2314 2460 38 30 21
2376 2458 27 43 ⅞
2458 2459 59 39 hlr.
2567 2468 39 34 ez.
2632 2469 50 23 u.
2726 2470 34 31 r.,
2796 2469 18 23 2.
2860 2476 16 28 3
2939 2483 7 8 .

597 2478 228 56 Lomisdor
852 2503 7 9 .
895 2503 1 9 .
944 2504 20 29 .
1095 2502 8 9 .
1234 2500 180 12 a
1660 2479 110 46 10⁄¼
1812 2482 79 77 8
2039 2504 124 41 Weizen
2192 2504 96 41 höher
2313 2505 158 42 gehalten.
2520 2504 137 44 Roggen
2684 2507 68 33 loco
2779 2507 34 33 in
2839 2505 99 44 feiner
2955 2506 118 53 Waare
3099 2505 101 43 ferner
3226 2516 52 35 ge⸗

600 2526 98 34 Ausl.
724 2526 148 33 Scheine
895 2525 100 33 nicht
1018 2528 104 29 unter
1147 2525 43 32 10
1215 2522 100 35 Thlr,
1338 2534 52 45 pr.
1413 2524 138 35 Stick.
1610 2550 10 10 .
1682 2545 41 6 —
1831 2576 11 18 3
1892 2526 29 45 4
1970 2549 86 45 ftagt
2083 2553 64 31 und
2175 2553 104 31 etwas
2321 2549 76 35 über
2423 2550 220 42 Terminpreis
2668 2561 37 34 zu
2732 2551 107 44 laſſen,
2883 2553 147 53 Termine
3063 2551 105 46 ſetzten
3185 2556 94 51 matt

622 2572 57 32 do.
773 2572 55 33 do.
896 2575 103 50 unter
1016 2572 52 53 10
1092 2570 100 55 Thlr.
1216 2580 51 33 pr.
1293 2571 111 50 Stück
1473 2593 9 13 .
1541 2594 10 12 .
1609 2594 10 14 ..
1680 2592 44 5 —
1833 2575 58 69 ⁸
1970 2597 60 33 ein.
2058 2595 145 43 beſſerten
2230 2595 52 42 ſich
2310 2596 44 34 im
2380 2596 153 42 Verlaufe
2559 2598 88 34 eines
2673 2597 152 44 mäßigen
2838 2596 164 55 Geſchäfts
3030 2602 65 31 und
3121 2598 149 56 ſchließen

621 2617 56 34 do.
770 2617 56 35 do.
895 2616 96 43 (einl.
1013 2628 38 23 in
1075 2616 159 44 Leipzig)
1300 2641 10 9 .
1334 2641 10 9 .
1375 2641 3 10 .
1438 2640 9 12 .
1830 2618 89 46 99058⁄¾
1967 2641 67 44 ſehr
2058 2641 63 44 feſt.
2170 2641 109 35 Rüböl
2305 2643 32 32 in
2364 2641 84 43 feſter
2473 2642 160 46 Haltung,
2661 2645 73 34 aber
2760 2646 105 42 wenig
2892 2646 179 34 verändert.
3117 2646 160 43 Spiritus

1968 2689 152 43 verkehrte
2145 2689 33 33 in
2205 2688 170 44 ſteigender
2401 2688 161 45 Richtung
2589 2693 67 31 und
2681 2691 173 42 lebhaftem
2880 2691 145 38 Verkehr.

595 2711 292 34 Bank-Disconto
914 2710 31 33 5
971 2709 78 42 pCt.
1093 2708 179 34 Lombard
1295 2709 35 34 G
1354 2709 80 42 pCt.
2040 2740 184 32 Magen
2280 2749 64 28 Ag,
2368 2737 30 31 7.
2420 2731 145 46 Jannar.
2627 2737 126 43 Weizen
2782 2740 42 30 72
2852 2749 19 21 a
2897 2740 42 30 77
2965 2738 92 39 Thlr.
3138 2725 135 104 Füche

1239 2778 7 7 M
1351 2778 96 12 ächsi
2124 2774 2 2 t
2675 2785 40 13 Th
3004 2787 42 31 26
3075 2796 16 20 a
3121 2788 34 31 27
3249 2795 40 25 Thlr.

641 2778 135 35 Otiz:
802 2778 275 38 Hannoversche
1109 2777 72 34 und
1204 2778 330 33 Niedersächsische
1556 2779 217 34 Bankactien,
1821 2780 95 33 Han-
1965 2783 43 31 49
2038 2793 18 21 a
2063 2782 60 32 51
2151 2781 107 54 Thlr.
2361 2777 106 49 Gerſte
2483 2784 53 55 4²
2562 2795 19 20 a
2605 2786 42 30 46
2675 2784 88 37 Thlr.
2883 2779 98 50 Hafer
3077 2838 5 2 p

597 2778 40 36 N
802 2825 193 34 noversche
1016 2823 365 44 Baumw.-Spinnerei-
1404 2834 34 23 u.
1457 2825 188 41 Weberei⸗-,
1670 2800 245 73 Mechanische
1966 2826 307 44 Kärtoffelſpiritus,
2299 2830 91 30 800
2411 2829 40 40 %
2479 2832 52 32 Tr.
2560 2830 67 33 loco
2656 2831 79 38 ohne
2761 2830 79 42 Faß,
2868 2829 89 45 20⅓
2994 2826 91 62 Thlr.
3238 2869 42 16 ⅝

802 2871 187 41 Weberei-,
1013 2871 137 32 Deister
1172 2870 223 43 Bergwerks-
1420 2881 34 22 u.
1479 2871 131 33 Ilseder
1643 2872 141 33 Hütten-
1788 2873 126 32 Actien
2074 2877 156 49 Hanon
2275 2886 30 25 H
2349 2876 29 30 7.
2406 2869 150 50 Januar.
2619 2869 63 64 Per
2715 2870 200 64 Tugraph.)
2957 2871 127 62 Weizen
3116 2877 67 34 loco
3210 2875 61 45 feſt,

802 2917 69 33 Lit.
897 2919 41 31 A.
963 2916 71 34 und
1057 2917 38 32 B.
1132 2915 139 34 werden
1304 2927 81 23 vom
1411 2918 28 31 1.
1464 2915 135 35 Januar
1632 2918 43 34 ab
1701 2919 88 33 excl.
1815 2919 98 32 Divi-
1964 2919 165 43 Lieferung
2157 2920 97 41 höher
2280 2920 132 44 bezahlt,
2465 2922 39 33 ab
2518 2922 182 34 Auswärts
2737 2924 116 35 höchſte
2892 2924 77 43 letzte
2995 2922 107 43 Preiſe
3138 2923 134 43 bezahlt,

1960 2964 103 45 jedoch
2089 2966 107 42 ruhig.

2269 2966 135 43 Roggen
2440 2969 67 32 loco
2544 2967 62 42 feſt,
2643 2970 38 32 ab
2720 2968 292 45 Königsbergspro
3039 2968 162 44 Frühjahr
3237 2978 35 34 zu

3414 298 158 41 gehalten,
3610 296 90 45 81½
3728 296 147 44 gebolen.
3939 296 61 35 Oel
4025 302 60 36 pro
4110 295 138 44 Januar
4273 294 102 56 25¾,
4412 301 63 48 pro
4502 293 167 45 Frühjahr

3415 338 151 46 Kaffee
3591 346 96 42 ruhig
3711 334 103 68 wegen
3848 342 168 42 ſchwacher
4041 342 174 45 Vorräthe.
4275 344 83 43 Zink
4382 342 113 56 ſtille.

3413 397 12 10 *
3452 392 272 38 Amſterdam,
3752 393 29 30 7.
3801 390 147 42 Januar.
4041 391 80 41 (Per
4150 392 207 43 Telegraph.)
4426 391 125 43 Weizen
4579 388 88 55 ſtille.

3343 442 136 42 Roggen
3513 439 237 41 preishaltend,
3788 438 149 35 Termine
3953 433 19 55 2
4019 438 34 43 fl.
4081 438 172 45 niedriger.
4338 438 119 40 Rapps
4485 445 58 33 pro
4571 436 96 42 April

3344 477 64 45 und
3437 486 192 41 September
3656 487 54 32 7½.
3772 485 109 35 Rüböl
3908 491 57 35 pro
3994 484 75 35 Mai
4097 486 99 44 4¹⁄⅝,
4232 494 58 34 pro
4317 485 111 54 Herbſt
4453 483 155 57 42.

3411 536 12 10 *
3450 534 202 39 London,
3681 535 30 30 7.
3739 531 145 42 Januar.
3955 532 79 41 (Per
4056 534 206 43 TDelegraph.)
4325 532 184 46 Engliſcher
4536 532 129 44 Weizen

3341 582 110 34 wurde
3477 588 63 25 nur
3562 580 167 41 vereinzelt
3752 588 36 32 zu
3810 581 16 31 1
3847 579 104 38 Shill.
3979 579 97 38 höher
4103 580 153 44 verkauft,
4283 579 52 42 für
4361 579 141 55 fremden
4525 575 140 63 wurden

3344 627 142 42 äußerſte
3512 624 271 45 Montagspreiſe
3810 626 134 43 bezahlt,
3971 625 98 43 Hafer
4096 625 51 42 feſt
4174 630 67 32 und
4269 626 43 46 ½
4339 627 105 43 Shill.
4477 623 110 64 höher.

3412 676 318 41 Nordhauſen,
3754 672 30 33 5.
3812 673 84 41 Jan.
3933 674 125 43 Weizen
4082 676 14 30 2
4117 675 88 34 Thlc.
4236 675 90 44 12½
4340 675 82 43 Sgr.
4453 676 51 32 bis
4526 668 24 55 3
4540 676 125 35 Tblr.

3340 721 66 43 2b½
3423 722 79 41 Sgr.
3586 720 135 42 Roggen
3737 721 14 30 1
3769 719 90 41 Thlr.
3886 721 42 31 25
3942 720 83 44 Sgr.
4043 720 51 35 bis
4110 724 19 30 2
4143 721 90 43 Thlr.
4245 724 20 31 3
4279 722 83 54 Sgr.
4429 722 108 41 Gerſte
4554 723 109 53 Thlr.

3340 770 43 31 20
3402 767 81 43 Sgr.
3512 767 51 35 bis
3593 769 13 30 1
3623 766 88 39 Thlr.
3739 764 89 45 27½
3850 766 85 45 Sgr.
4008 767 97 42 Hafer
4133 771 42 30 25
4193 770 81 46 Sgr.
4296 771 52 33 his
4366 771 13 31 1
4398 769 87 42 Thlr.
4521 768 43 46 2½
4585 764 79 64 Sgr.

3341 813 119 40 Erbſen
3489 816 15 31 1
3533 813 89 41 Thlr.
3649 815 42 31 25
3710 812 85 44 Sgr.
3822 812 52 35 bis
3902 818 19 28 2
3947 813 89 43 Thlr.
4063 816 19 31 5
4112 816 83 43 Sgr.
4299 816 111 41 Linſen
4438 820 19 30 2
4483 816 91 43 Thlr.
4610 817 53 34 bis

3339 864 20 30 2
3386 861 88 36 Thlr.
3503 862 41 31 15
3572 859 83 44 Sgr.
3719 860 211 41 Feldbohnen
3958 864 9 29 1
3988 860 89 35 Thlr.
4105 864 44 31 20
4164 863 84 44 Sgr.
4271 864 53 34 bis
4360 866 11 31 1
4389 864 92 40 Thlr.
4523 866 42 30 25
4578 863 86 45 Sgr.

3339 907 213 38 Kochbohnen
3578 912 48 35 pr.
3654 905 71 36 Ctr.
3751 905 66 44 3e⅚
3838 906 89 38 Thlr.
3956 907 52 34 bis
4035 907 68 44 3⅓
4126 910 91 42 Thlr.
4314 910 182 43 Kartoffeln
4521 913 41 30 18
4578 912 84 42 Sgr.

3341 953 108 35 Rüböl
3474 947 51 46 pr.
3553 953 75 35 Ctr.
3656 955 40 30 13
3718 952 88 42 Thlr.
3874 953 107 35 Leinôl
4015 960 49 35 pr.
4090 955 72 36 Ttr.
4190 956 74 43 12½
4304 958 91 42 Thlr.
4454 957 206 40 Rübekuchen

3339 1008 48 34 pr.
3414 1000 113 37 Schock
3553 999 81 44 1¼⁄₂
3661 999 89 42 Thlr.
3788 999 187 43 Leinkuchen
4002 1008 49 34 pr.
4078 1001 77 39 Sch.
4182 1003 65 45 2¼
4262 1005 91 42 Thlr.
4412 1004 68 43 Heu
4515 1012 48 31 pr.
4588 1005 73 36 Ctr.

3339 1046 88 44 22½
3458 1047 52 35 bis
3536 1048 43 30 25
3597 1046 86 43 Sgr.
3733 1046 106 40 Stroh
3869 1055 46 35 pr.
3944 1048 114 40 Schock
4084 1052 105 36 (1200
4212 1051 93 43 Pfd.)
4341 1053 20 32 5
4394 1052 51 34 bis
4480 1051 66 45 5½
4570 1052 91 38 Thlr.

3342 1094 236 33 Branntewein
3600 1100 47 29 pr.
3666 1094 66 31 180
3754 1094 110 33 Quart
3880 1096 38 30 31
3941 1095 52 34 bis
4015 1098 44 30 32
4074 1095 89 37 Thlr.

3409 1140 296 42 Hildesheim,
3734 1142 32 30 5.
3787 1140 150 42 Januar.
4009 1142 130 43 Weizen
4175 1146 45 31 53
4247 1156 19 22 a
4293 1164 43 6 —
4359 1146 59 35 Gr.
4520 1147 137 44 Roggen

3692 1185 106 44 Gerſte
3856 1181 49 52 33
3934 1200 10 21 a
3979 1208 44 6 —
4071 1189 59 36 Gr.
4271 1191 96 42 Hafer
4410 1191 106 46 17¹⁄m
4558 1204 20 23 a
4616 1212 43 6 —

3482 1232 118 44 Erbſen
3626 1252 43 6 —
3697 1245 18 20 a
3737 1252 50 22 —
3813 1233 59 36 Gr.
3963 1235 112 43 Linſen
4102 1255 44 7 —
4175 1249 19 21 a
4219 1257 44 6 —
4288 1239 60 36 Gr.
4446 1240 142 42 Bohnen
4613 1242 45 31 35

3339 1292 16 20 a
3385 1299 43 6 —
3455 1278 60 37 Gr.
3625 1279 191 35 Wicken
3809 1275 25 58 —
3862 1292 9 22 a
3908 1301 43 5 —
3987 1282 59 36 Gr.
4133 1283 224 45 Noggenſtroh
4384 1298 20 21 a
4431 1286 114 41 Schock
4571 1306 43 6 —
4640 1298 20 22 a

3569 1325 226 45 Bohnenſtroh
3825 1339 20 22 a
3865 1327 115 44 Schock
4004 1349 44 5 —
4073 1341 20 23 a
4119 1349 44 5 —
4196 1330 62 37 Gr.
4363 1332 69 43 Heu
4469 1345 19 20 a
4516 1333 143 36 Centner

3338 1391 43 5 —
3407 1384 20 21 a
3454 1391 39 5 —
3522 1372 61 35 Gr.
3678 1373 180 43 Kartoffeln
3908 1387 1 21 a
3925 1374 132 43 Himteen
4128 1395 11 6 —
4179 1389 19 22 a
4233 1397 43 6 —
4299 1378 59 36 Gr.
4463 1379 194 36 Steckrüben

3338 1430 18 21 a
3375 1418 78 43 Sch.
3481 1438 42 6 —
3550 1431 17 21 a
3584 1442 1 3 —
3646 1419 60 35 Gr.
3814 1421 126 44 Weißer
3964 1423 86 41 Kohl
4076 1435 19 21 a
4115 1423 77 45 Sch.
4209 1444 46 7 —
4275 1437 18 21 a
4311 1445 41 6 —
4372 1425 62 36 Gr.
4524 1426 135 42 Hühner

3337 1465 74 43 alte,
3475 1476 1 22 a
3511 1464 97 37 Stück
3644 1485 42 6 —
3714 1478 19 22 a
3762 1486 41 5 —
3835 1467 60 36 Gr.
3981 1474 50 29 do.
4070 1469 101 46 junge
4213 1482 19 22 a
4261 1471 99 37 Stück
4387 1491 44 6 —
4466 1484 20 23 a
4522 1493 43 6 —
4597 1474 61 34 Gr.

3338 1510 75 36 Eier
3451 1523 7 21 a
3479 1510 76 46 Sch.
3584 1528 41 9 —
3652 1525 20 21 a
3698 1532 42 6 —
3757 1513 58 36 Gr.
3936 1515 119 36 Butter
4082 1528 24 26 a
4121 1516 81 44 Pfd.
4230 1520 18 31 7
4275 1530 19 22 a
4321 1521 19 31 9
4362 1519 60 36 Gr.
4539 1520 117 42 Flachs

3339 1568 18 22 a
3383 1557 78 42 Pfd.
3488 1577 44 5 —
3553 1570 19 22 a
3597 1578 43 6 —
3667 1560 61 35 Gr.
3960 1607 1 3 ;

3863 1619 275 46 Schifffahrt.

3403 1674 241 44 Hamburg,
3684 1677 30 32 7.
3741 1676 84 41 Jan.
3890 1678 82 35 Laut
4007 1680 66 41 hier
4112 1680 247 44 eingetroffener
4393 1682 260 44 tetegraphiſcher

3336 1720 153 42 Depeſche
3526 1721 57 41 hat
3617 1724 61 31 das
3712 1721 384 48 Hambarg⸗Newyorker
4132 1727 318 44 Poſt⸗Dampfſchiff
4472 1730 181 41 Teutonia,

3336 1768 100 41 Capt.
3462 1767 120 42 Taube,
3624 1769 129 38 welches
3781 1779 50 24 am
3859 1773 32 30 3.
3916 1772 83 41 Jan.
4038 1782 64 25 von
4128 1773 170 46 Hamburg
4335 1776 211 44 abgegangen
4583 1779 67 32 und

3335 1824 52 24 am
3413 1816 30 31 4.
3469 1813 84 42 Jan.
3579 1813 34 36 in
3634 1814 258 42 Southampton
3919 1819 228 43 angekommen
4175 1825 79 38 war,
4281 1822 149 38 nachdem
4459 1826 33 31 es
4519 1822 133 43 daſelbſt

3334 1859 75 43 noch
3448 1861 69 33 eine
3550 1862 190 33 bedeutende
3766 1863 125 42 Anzahl
3917 1864 187 44 Paſſagiere
4144 1869 68 31 und
4249 1867 131 43 Güter,
4429 1869 32 42 ſo
4488 1870 60 34 wie
4575 1871 73 36 auch

3334 1908 127 40 70,000
3486 1905 54 42 Pf.
3567 1906 58 35 St.
3653 1916 41 25 an
3721 1907 191 37 Contanten
3939 1911 283 44 übergenommen,
4250 1916 90 37 heute
4367 1925 51 25 am
4446 1918 30 31 7.
4493 1917 41 41 d.,
4554 1917 96 34 Moc⸗

3334 1955 79 42 gens
3442 1955 41 30 10
3512 1953 74 41 Uhr,
3614 1954 48 33 die
3688 1954 89 42 Reiſe
3803 1957 74 39 nach
3905 1956 157 45 Newyork
4088 1958 183 47 fortgeſetzt.

3345 304 40 16 83

3344 351 54 29 20.

3403 1998 77 35 Das
3506 1999 379 45 Hamburg⸗Newyorker
3911 2004 284 45 Poſtdampfſchiff
4216 2006 168 44 Boruſſia,
4412 2008 100 43 Capt.
4528 2009 136 37 Traut⸗

3334 2054 112 32 mann,
3473 2046 129 39 welches
3630 2056 52 24 am
3711 2049 28 31 1.
3768 2048 78 35 Dec.
3873 2057 63 27 von
3964 2051 67 42 hier
4063 2055 67 31 und
4167 2062 52 25 am
4245 2057 31 30 4.
4304 2054 78 35 Dec.
4422 2064 67 37 von
4513 2055 133 46 South⸗

3331 2094 135 37 ampton
3494 2093 223 42 abgegangen,
3746 2095 33 35 iſt
3806 2096 73 33 laut
3905 2092 259 48 telegraphiſcher
4192 2100 220 44 Mittheilung
4449 2104 74 36 nach
4560 2104 85 35 einer

3330 2136 103 44 Reiſe
3456 2146 51 25 von
3536 2140 51 30 15.
3615 2138 109 43 Tagen
3752 2149 51 24 am
3830 2143 56 30 20.
3913 2142 76 34 Dec.
4017 2145 240 37 wohlbehalten
4291 2147 34 33 in
4364 2147 158 43 Newyork
4548 2159 100 34 ange⸗

3329 2184 155 32 kommen.
3532 2183 66 34 Die
3639 2183 156 43 Boruſſia
3839 2186 87 40 ſollte
3966 2188 158 44 Newyork
4161 2200 52 34 am
4252 2194 31 29 2.
4310 2192 84 40 Jan.
4435 2196 116 31 wieder
4578 2204 67 26 ver⸗

3333 2223 108 54 laſſen.
4465 2240 135 42 (B.⸗H.)

3398 2275 244 43 Hamburg,
3680 2278 30 31 7.
3739 2276 106 43 Jan.,
3872 2276 115 36 Vorm.
4038 2279 158 41 Eisſtand
4223 2281 237 45 unverändert;
4489 2288 61 30 das
4579 2287 66 33 Eis

3327 2320 221 43 fortwährend
3577 2331 40 24 an
3645 2321 118 36 Stärke
3789 2325 210 41 zunehmend.
4049 2324 66 36 Die
4142 2327 80 33 Elbe
4248 2328 82 35 wird
4357 2329 52 34 bis
4435 2329 124 35 Altona
4586 2332 60 34 mit

3328 2368 161 38 Schlitten
3517 2367 160 43 befahren.
3727 2369 67 35 Der
3819 2371 93 43 Froſt
3936 2371 75 44 ſtieg
4039 2372 77 41 dieſe
4143 2372 100 39 Nacht
4270 2375 52 35 bis
4350 2378 41 30 19
4413 2376 111 44 Grad;
4554 2378 92 35 heute

3330 2416 161 40 Morgens
3531 2415 75 39 noch
3644 2417 40 31 17
3723 2416 103 34 Grad.
3863 2436 42 6 —
3933 2418 360 44 Brunshauſen,
4334 2424 30 31 7.
4391 2422 93 42 Jan.,
4522 2423 122 37 Vorm.

3328 2460 69 36 Der
3415 2461 162 44 Eingang
3606 2462 56 38 hat
3687 2462 65 40 hier
3779 2462 55 43 ſeit
3855 2464 117 44 geſtern
3998 2467 140 35 merklich
4165 2475 235 35 zugenommen
4427 2472 67 32 und
4521 2472 119 34 treiben

3328 2508 47 32 die
3402 2505 183 44 Eismaſſen
3613 2516 63 26 nur
3702 2510 81 39 noch
3804 2508 150 44 langſam
3980 2511 43 34 im
4041 2512 138 34 Strome
4204 2513 60 43 auf
4287 2518 66 31 und
4382 2517 60 32 ab.
4460 2535 42 6 —
4530 2512 110 54 Cugx⸗

3324 2551 164 44 haven,
3515 2555 30 31 7.
3572 2553 94 43 Jan.,
3694 2555 113 35 Vorm.
3858 2556 65 35 Die
3939 2557 80 35 Elbe
4046 2558 36 41 iſt
4107 2558 65 41 hier
4199 2561 78 37 dicht
4304 2562 65 34 voll
4397 2571 64 26 von
4480 2564 159 40 ſchwerem

3326 2599 171 44 Treibeiſe;
3523 2599 66 35 kein
3614 2600 101 35 klares
3742 2602 121 43 Waſſer
3890 2611 63 26 von
3982 2604 64 36 hier
4074 2608 62 31 aus
4170 2607 302 43 wahrzunehmen.
4500 2611 136 42 (B.⸗H.)

3397 2646 211 42 Bremen,
3635 2650 31 30 7.
3693 2648 85 41 Jan.
3826 2650 59 41 Im
3913 2651 175 39 Eisſtande
4116 2656 50 30 der
4194 2653 195 44 Unterweſer
4415 2657 55 37 hat
4496 2655 53 43 ſich
4577 2666 61 25 we⸗

3326 2692 57 44 nig
3411 2687 205 63 geändert.
3622 2693 72 35 Aus
3722 2695 335 40 Bremerhaven
4095 2699 114 34 meldet
4235 2710 77 24 man
4349 2702 67 44 8½
4452 2703 65 42 Uhr
4544 2704 94 35 Mor⸗

3326 2741 103 41 gens:
3468 2739 165 35 „Ueberall
3675 2741 62 33 voll
3763 2741 181 36 Treibeis“.
4014 2763 10 4 —
4066 2744 74 35 Aus
4176 2745 500 48 Fedderwarderſiel:

3325 2785 90 34 Alles
3450 2786 65 33 voll
3546 2785 157 36 Treibeis.
3779 2806 4 5 —
3823 2788 86 35 Vom
3951 2789 309 41 Leuchtthurm
4286 2781 22 64 8
4357 2796 66 40 Uhr
4449 2796 189 45 Morgens:

3325 2831 100 35 Wind
3458 2831 170 36 O.⸗S.⸗O.
3663 2832 149 44 ſchwach;
3851 2834 98 35 Nebel
3985 2840 67 30 und
4089 2836 135 44 Schnee,
4259 2839 96 37 Kälte
4399 2844 2 31 8
4429 2842 106 35 Grad.
4586 2844 53 34 So

3325 2879 74 33 weit
3423 2886 38 34 zu
3487 2876 88 44 ſehen
3602 2878 122 35 überall
3752 2881 64 34 voll
3841 2881 159 35 Treibeis.

3392 2923 169 43 Dover,
3587 2926 31 31 3.
3643 2924 84 43 Jan.
3777 2927 63 34 Die
3868 2927 125 36 Namen
4021 2932 50 31 der
4100 2930 107 35 beiden
4234 2932 34 34 in
4296 2933 167 42 Folkſtone
4489 2931 150 51 gelande⸗

3323 2971 52 33 ten
3401 2969 163 46 Perſonen
3606 2972 52 34 der
3694 2970 178 48 Beſatzung
3918 2977 54 32 des
4012 2977 241 43 verunglückten
4282 2979 139 43 Schiffes
4450 2982 190 44 Gutenberg

4607 3051 82 19 ☛

4718 295 58 40 (m.
4804 293 22 43 ſ.
4854 295 73 34 Art.
4955 293 103 42 Deal)
5084 293 94 42 ſind:
5219 293 84 37 Carl
5340 289 211 62 Wohlmann
5591 297 32 40 (7
5638 295 208 46 Woltmann,
5874 308 62 31 aus
5961 303 83 51 Fink⸗

4719 340 137 42 wärder,
4882 341 272 45 Zimmermann)
5183 345 68 31 und
5278 341 84 43 Joh.
5390 343 133 43 Jürgen
5552 340 206 49 Chriſtenſen
5795 348 171 46 (Matroſe,
5993 365 56 32 aus

4716 388 156 45 Harbye).
4923 388 67 36 Die
5032 390 112 34 beiden
5173 390 203 35 Genannten
5420 393 136 50 wurden
5602 391 94 54 kaum
5733 395 74 38 noch
5852 397 106 36 lebend
5996 413 55 30 von

4718 437 102 33 einem
4839 435 104 45 Floſſe
4970 437 175 44 geborgen,
5175 436 61 43 auf
5260 438 145 39 welchem
5435 443 38 37 ſie
5501 441 52 32 der
5574 438 97 44 Küſte
5697 443 175 42 zutrieben,
5898 443 65 45 ſind
5983 454 65 36 aber

4718 483 92 38 durch
4854 483 221 45 zweckmäßige
5103 485 113 45 Pflege
5258 486 117 34 wieder
5415 486 176 45 hergeſtellt
5630 491 68 30 und
5741 489 61 34 mit
5840 491 58 34 den
5925 488 123 59 übrigen

4718 531 185 35 Geretteten
4942 531 77 35 über
5047 532 136 36 London
5224 532 76 42 nach
5328 532 176 46 Hamburg
5532 535 186 44 abgereist.
5767 535 65 35 Die
5860 538 122 39 Namen
6007 550 44 34 der

4719 580 138 40 letzteren
4884 576 91 43 ſind:
5003 579 96 35 Edw.
5128 580 118 44 Asmy,
5274 580 128 44 zweiter
5430 581 248 41 Steuermann,
5714 581 85 37 Geo.
5826 584 99 43 Eſter,
5960 580 87 58 Gerh.

4716 625 94 40 Olde,
4838 624 111 41 Heinr.
4977 626 174 42 Lühmann
5197 629 69 33 und
5293 629 87 43 Aug.
5410 627 160 45 Claeſſen,
5614 629 189 42 Matroſen.

4716 670 149 43 Capitän
4907 675 67 31 und
5002 674 69 34 dem
5098 674 92 44 Reſt
5212 677 53 32 der
5292 675 225 44 Mannſchaft,
5560 676 62 36 wie
5648 677 86 38 auch
5755 686 66 45 von
5849 678 58 35 den
5932 681 109 48 Paſſa⸗

4716 722 105 40 gieren
4849 720 60 40 (10
4935 721 75 33 oder
5038 723 39 30 11
5107 731 42 25 an
5177 722 53 35 der
5254 722 105 44 Zahl)
5386 723 37 43 iſt
5450 732 80 26 man
5557 723 99 37 leider
5691 725 54 35 bis
5771 727 68 44 jetzt
5875 729 73 42 noch
5975 733 73 42 ohne

4706 766 185 42 Nachricht.

4785 812 204 43 Berwick,
5016 815 31 32 3.
5074 814 84 42 Jan.
5210 815 80 36 Das
5316 817 100 35 kleine
5436 808 240 60 hannoverſche
5691 808 126 60 Schiff,
5845 820 129 39 welches
5999 836 46 28 am

4716 864 30 31 1.
4772 861 84 43 Jan.
4884 861 48 35 bei
4960 860 188 43 Beadnell,
5169 862 72 35 Kiel
5278 864 93 41 oben,
5411 864 166 45 gefunden
5614 869 124 39 wurde,
5781 867 37 42 iſt
5854 868 49 35 die
5928 868 117 42 Cinna.

4714 909 86 35 Man
4820 909 65 42 hat
4912 908 50 36 die
4990 906 264 45 Schiffspapiere
5282 910 180 44 gefunden.

4783 974 43 7 —
4852 959 32 29 3.
4911 956 85 42 Jan.
5024 956 81 35 Das
5136 965 52 24 am
5219 959 31 31 1.
5277 960 31 30 d.
5337 960 48 33 bei
5413 959 171 43 Beadnell,
5616 960 62 34 wie
5705 961 168 43 gemeldet,
5901 963 59 35 mit
5986 968 61 36 dem

4712 1003 71 35 Kiel
4811 1003 76 40 nach
4916 1004 80 33 oben
5037 1001 62 44 auf
5131 1005 59 32 den
5219 1003 133 35 Strand
5391 1007 180 42 getriebene
5598 1008 169 44 Fahrzeug
5796 1008 38 42 iſt
5862 1010 47 33 die
5937 1010 105 41 Cinna

4712 1049 179 43 (hannöv.)
4941 1050 66 36 Die
5032 1050 284 45 Kleidungsſtücke
5341 1052 113 43 zweier
5481 1054 176 44 Matroſen
5686 1057 67 33 und
5783 1056 48 35 die
5842 1045 137 63 Schiffs
5999 1067 50 37 pa⸗

4712 1098 84 42 piere
4821 1095 69 45 ſind
4918 1097 176 45 gefunden.

4781 1163 42 6 —
4848 1148 33 29 4.
4906 1144 85 43 Jan.
5043 1144 70 36 Der
5151 1143 133 45 Rumpf
5316 1146 56 34 der
5408 1155 53 26 am
5502 1150 32 31 1.
5561 1148 30 34 d.
5619 1149 49 35 bei
5704 1149 163 36 Beadnell
5894 1151 152 44 gekentert

4712 1192 248 43 angetriebenen
4989 1191 173 39 „Ciunau,
5191 1192 164 43 Wendler,
5384 1201 66 27 von
5477 1193 200 48 Hartlepool
5704 1197 76 43 nach
5798 1197 179 43 Hannover
5992 1203 53 37 mit

4710 1238 140 41 Kohlen,
4877 1238 36 43 iſt
4937 1238 234 45 zertrümmert.
5222 1240 68 35 Die
5317 1239 215 46 Mannſchaft
5558 1242 60 43 iſt,
5655 1244 61 36 wie
5750 1254 80 26 man
5856 1249 189 44 vermuthet,

4711 1286 97 33 leider
4834 1287 179 34 ertrunken.
5850 1317 2 3 ,

4780 1331 124 45 Deal,
4931 1335 31 31 3.
4989 1333 86 42 Jan.
5126 1333 75 35 Aus
5242 1335 69 33 dem
5349 1334 112 35 WMrack
5495 1336 56 34 des
5589 1334 143 45 Schiffes
5771 1338 276 51 Gutenberg

4709 1376 69 42 ſind
4805 1379 160 44 geborgen
4993 1380 115 41 (theils
5136 1383 65 32 ans
5230 1380 73 44 Ufer
5331 1381 175 44 getrieben,
5546 1383 101 42 theils
5675 1383 226 48 aufgefiſcht):
5951 1388 91 39 Circa

4708 1428 20 29 5
4755 1425 118 36 Ballen
4903 1428 211 34 Baumwolle
5141 1426 106 44 (loſe),
5286 1430 44 31 64
5366 1429 123 35 Ballen
5528 1431 64 39 do.,
5637 1432 43 32 79
5706 1431 70 43 Faß
5804 1433 232 48 Schuhpflöcke,

4709 1474 43 30 56
4778 1472 69 43 Faß
4874 1473 95 45 Harz,
4997 1477 44 30 20
5068 1476 52 33 do.
5149 1476 220 43 (ramponirt)
5397 1478 68 32 und
5492 1479 90 32 5013
5611 1477 195 48 Stäbe.

4780 1522 14 12 *
4821 1520 204 43 London,
5080 1523 31 31 7.
5147 1522 150 41 Januar.
5388 1524 80 40 (Per
5504 1525 209 44 Telegraph.)
5797 1527 66 35 Die
5889 1527 158 46 Dampfer

4709 1565 147 43 Europa,
4884 1567 171 45 Newyork,
5081 1568 109 43 North
5218 1569 125 35 Briton
5372 1573 67 32 uod
5466 1570 90 46 Vigo
5592 1571 70 45 ſind
5700 1576 65 33 aus
5792 1575 162 45 Newyork
5978 1578 62 35 ein⸗

4707 1612 167 44 getroffen.

4956 1670 1 3 j
5217 1662 308 47 Waſſerſtand.

4777 1707 300 45 Magdeburg,
5112 1711 31 31 7.
5165 1709 150 42 Januar.
5390 1712 217 43 Waſſerſtand
5637 1715 52 32 der
5719 1714 107 37 Elbe:
5855 1716 62 34 Am
5949 1718 85 34 alten

4707 1750 98 46 Pegel
4832 1756 44 30 26
4903 1754 73 43 Zoll
5003 1757 93 33 unter
5123 1758 33 39 O,
5184 1767 52 24 am
5265 1767 104 26 neuen
5399 1759 97 45 Pegel
5522 1763 22 31 4
5562 1760 72 41 Fuß
5663 1763 39 31 11
5728 1762 82 42 Zoll.
5866 1764 168 41 Eisſtand.

4775 1800 137 39 Halte.
4960 1801 215 45 Waſſerſtand
5203 1806 52 32 der
5274 1804 128 37 Saale:
5432 1808 59 34 Am
5519 1811 22 30 4
5571 1808 97 42 Jan.,
5692 1810 136 34 Abends
5857 1820 51 24 am
5930 1813 113 34 Unter⸗

4704 1847 87 41 pegel
4820 1847 68 42 6F.
4921 1848 91 43 03.;
5067 1858 51 25 am
5149 1850 21 32 5
5203 1851 98 42 Jan.,
5353 1853 165 43 Morgens
5560 1865 52 24 am
5640 1856 195 45 Unterpegel
5862 1860 20 32 6
5904 1858 37 41 F.
5967 1861 13 30 0
6003 1860 36 43 Z.

4704 1891 170 41 Eisſtand.

4787 2010 122 54 (Nach
4933 2015 63 40 der
5025 2015 77 42 „N.
5125 2014 47 52 H.
5201 2014 74 54 Z.“
5310 2018 72 59 Nr.
5401 2006 20 75 7
5456 2030 39 31 u.
5514 2019 25 41 8
5563 2029 37 34 v.
5633 2020 40 43 5.
5693 2033 39 32 u.
5755 2021 40 42 6.
5823 2023 124 54 Jan.)

4803 2104 449 48 Bekanntmachungen
5282 2112 69 37 der
5378 2112 544 48 Verwaltungsbehörden.

4699 2160 78 35 Amt
4803 2160 163 45 Springe.
5016 2164 88 34 Dem
5132 2165 124 34 Vollm.
5283 2168 114 42 Meyer
5423 2179 37 33 zu
5486 2171 148 44 Rohrſen
5662 2172 69 41 ſind
5759 2176 75 43 nach
5852 2176 184 45 Johannis

4745 2213 31 25 v.
4803 2206 38 40 J.
4868 2210 19 29 2
4915 2207 99 40 weiße
5041 2209 180 44 einjährige
5249 2212 163 43 geſchorne
5439 2215 152 41 Hammel
5617 2220 207 41 zugelaufen.

4701 2247 102 61 Berg⸗
4829 2255 67 29 und
4924 2252 164 41 Forſtamt
5113 2256 198 43 Klausthal.
5363 2259 171 44 Lieferung
5563 2270 64 25 von
5656 2266 66 30 600
5750 2266 72 34 Ctr.
5850 2268 123 36 Rübél.

4700 2295 232 43 Donnerstag,
4959 2299 71 32 31.
5057 2300 104 40 Jan.,
5197 2303 41 30 11
5277 2303 84 41 Uhr,
5402 2304 61 42 auf
5497 2306 52 33 der
5578 2307 166 41 Amtſtube
5769 2319 38 33 zu
5836 2312 197 43 Beverſtedt.

4746 2341 260 43 Expropriation
5032 2353 38 35 zu
5098 2345 303 45 Weſterbeverſtedt.

4698 2387 232 46 Donnerstag,
4958 2391 76 34 24.
5059 2392 96 42 Jan.,
5184 2396 39 30 11
5253 2395 76 42 Uhr,
5358 2395 144 45 daſelbſt.
5554 2398 263 45 Expropriation
5845 2413 37 34 zu
5910 2405 123 43 Freſch⸗

4743 2436 174 44 luneburg.

4964 2518 455 49 Bekanntmachungen
5449 2529 69 34 der
5546 2527 213 39 Gerichte.

4694 2563 168 43 Amtsger.
4898 2562 178 42 Hannover
5113 2567 63 33 III.
5237 2569 65 34 Die
5338 2570 230 38 Landes⸗Obl.
5593 2575 69 33 Lit.
5690 2577 40 32 G.
5757 2579 28 31 I.
5812 2578 61 35 Nr.
5902 2583 126 38 15,881

4740 2619 44 23 u.
4801 2611 133 41 18,657,
4961 2610 66 44 jede
5055 2613 75 34 über
5158 2616 67 31 500
5252 2616 90 42 Thlr.
5371 2617 106 36 Cour.
5505 2621 159 42 lautend,
5704 2622 70 43 find
5815 2627 87 42 nebſt
5940 2629 91 35 Cou⸗

4738 2658 87 39 pons
4854 2659 66 31 und
4947 2657 130 36 Talons
5104 2660 52 42 für
5185 2662 158 44 ungültig
5374 2664 129 36 erklärt.

4693 2709 29 25 v.
4749 2702 245 42 Idenſen’s
5046 2706 87 38 erid.
5163 2708 233 43 Garkenweſen
5437 2721 38 32 zu
5509 2713 201 43 Hannover,

4739 2747 84 43 Oeff.
4851 2748 212 45 Verkauf,
5092 2756 30 33 3.
5151 2754 145 35 Termin.

4737 2795 64 32 11.
4828 2794 97 43 Jan.,
4955 2800 42 31 12
5025 2799 77 37 Uhr.

4693 2840 167 35 Butt’s
4867 2836 25 58 2
4934 2846 76 32 crid.
5038 2845 129 36 Stellen
5186 2856 35 33 zu
5239 2847 240 43 Buſchhauſen.
5521 2849 102 55 Oeff.
5645 2859 189 41 Verkauf.
5862 2856 168 54 Amtsger.

4737 2887 174 44 Oſterholz,
4939 2891 75 44 Bez.
5042 2892 216 38 Scharmbeck.
5310 2896 184 43 Mittwoch,
5524 2901 46 33 6.
5598 2901 93 43 Febr.
5720 2906 42 30 10
5789 2906 80 39 Uhr.

4692 2932 243 44 Janſſen’s
4961 2937 185 42 Immobile
5171 2948 37 35 zu
5237 2942 137 41 Aurich,
5415 2944 145 43 Oſterſtr.
5624 2949 153 39 Gerichtl.
5816 2952 213 49 Verkauf.

4739 2980 165 45 Amtsger.
4933 2984 113 37 Aurich
5074 2985 27 33 I.
5153 2987 185 44 Dienstag,
5366 2989 79 35 26.
5474 2992 105 43 Febr.,
5609 2996 40 31 12
5678 2990 77 53 Uhr.

5763 2728 49 34 gr.
5856 2719 176 48 Barlinge.

5348 2758 171 44 Amtsger.
5555 2760 180 42 Hannover
5772 2765 62 33 IV.
5885 2763 142 56 Freitag,

646 3107 810 176 Anzeigen.

637 3330 70 36 Der
740 3330 167 36 Oekonom
948 3330 230 43 Chriſtian
1213 3330 144 36 Garbe
1392 3333 62 31 aus

590 3376 249 42 Hannover
880 3378 56 37 hat
977 3377 72 34 laut
1086 3376 254 42 Kaufcontracts
1366 3385 88 46 vom

589 3426 35 31 4.
649 3424 127 43 Auguſt
803 3425 90 31 1860
917 3431 63 26 von
1008 3425 51 31 der
1086 3423 119 35 Witwe
1232 3425 56 33 des
1313 3424 141 33 weilvnd.

589 3469 208 35 Oekonomen
850 3470 168 43 Auguſt
1061 3469 203 42 Frobiet,
1308 3472 147 41 genannt

590 3515 214 41 Sandau,
847 3514 172 42 Louiſe,
1063 3516 136 43 geborne
1236 3516 149 42 Meyer
1420 3516 33 34 in

590 3560 216 42 Steincke,
844 3562 53 33 als
932 3560 246 37 Vormünderin
1214 3562 82 43 ihrer
1321 3562 132 40 Kinder,

589 3608 94 34 deren
709 3606 236 45 Pollmeierhof
969 3607 58 36 Nr.
1066 3610 7 30 3
1107 3616 36 36 zu
1171 3608 171 39 Borſtel
1368 3603 86 62 nebſt

590 3654 83 34 allen
699 3652 265 45 Zubehörungen
1000 3663 41 25 an
1069 3653 179 36 Gebäuden
1274 3655 68 33 und
1368 3655 84 35 Län⸗

587 3700 134 41 dereien,
760 3699 134 38 Rechten
930 3701 66 33 und
1025 3699 264 44 Gerechtigkeiten
1326 3699 126 45 gekauft

557 3746 99 34 und
692 3755 54 24 um
784 3744 178 45 Erlaſſung
997 3746 86 34 einer
1109 3746 253 50 Edictalladung
1396 3756 54 32 zur

586 3791 185 45 Sicherung
817 3801 99 35 gegen
962 3793 136 42 etwaige
1145 3792 154 46 dingliche
1341 3793 109 41 Rechte

587 3837 129 37 Dritter
743 3837 142 43 gebeten.
983 3858 3 4 1
1088 3847 5 6 J
1377 3851 2 2 1p

634 3883 50 36 Es
723 3884 138 41 werden,
888 3883 136 42 dieſem
1067 3882 136 45 Geſuche
1240 3885 209 43 ſtattgebend,

558 3930 126 44 daher
724 3930 80 42 Alle,
856 3930 110 38 welche
1006 3939 43 25 an
1091 3929 85 42 diſen
1216 3930 236 54 Vollmeierhof

586 3976 60 36 Nr.
682 3978 20 30 3
743 3985 38 35 zu
825 3976 183 40 Borſtel
1059 3976 86 43 nebſt
1184 3976 263 55 Zubehärungen

587 4022 248 42 Eigenthums⸗,
862 4020 134 44 Näher⸗,
1024 4023 241 42 lehnrechtliche,
1290 4017 159 64 fideicom⸗

584 4067 211 45 miſſariſche,
844 4067 128 43 Pfand⸗
1014 4072 68 31 und
1136 4071 114 33 andere
1293 4070 155 42 dingliche

583 4114 124 41 Rechte,
757 4114 226 42 insbeſondere
1030 4115 74 38 auch
1139 4110 199 62 Servituten
1379 4117 67 33 und

583 4160 351 45 Realberechtigungen
981 4161 126 44 geltend
1144 4163 143 36 machen
1312 4161 134 43 können,

583 4207 145 41 hiedurch
764 4206 230 44 aufgefordert,
1029 4206 96 43 ſolche
1150 4207 111 43 Nechte
1295 4208 34 35 in
1365 4211 79 38 dem,

583 4262 38 35 zu
647 4252 110 43 dieſem
774 4252 129 43 Zwecke
933 4252 60 42 auf
1437 4281 2 2 1p

606 4297 240 46 Mittwoch,
872 4300 75 37 den
973 4298 85 35 20.
1075 4297 250 55 Fehruar
1277 4290 51 67 d.
1352 4299 69 54 J.,

583 4346 219 42 Morgens
824 4346 43 31 10
887 4345 100 41 Uhr,
1015 4344 58 42 auf
1088 4343 131 45 hieſiger
1232 4345 211 45 Königlichen

580 4391 238 41 Gerichtsſtube
844 4391 235 34 anberaumten
1106 4391 149 35 Termine
1280 4393 162 45 anzumel⸗

587 4438 61 33 den
675 4439 67 32 und
768 4445 36 35 zu
832 4434 222 46 beſcheinigen,
1082 4436 240 45 widrigenfalls
1350 4437 93 43 ſolche

581 4482 113 43 Rechte
737 4483 54 34 als
830 4492 97 34 gegen
975 4484 60 33 den
1071 4492 103 25 neuen
1211 4483 167 35 Erwerber
1402 4493 40 26 ꝛc.

582 4529 147 35 Garbe
755 4528 153 43 erloſchen
935 4529 132 35 erkannt
1093 4530 124 34 werden
1244 4530 109 41 ſollen.

607 4576 289 44 Ausgenommen
911 4582 65 27 von
994 4574 97 40 dieſer
1102 4576 339 44 Anmeldungspflicht

579 4621 39 43 iſt
644 4625 51 31 der
722 4621 204 41 Einwohner
950 4621 238 43 Niemeyer
1215 4622 33 34 in
1276 4622 165 40 Bevenſen

578 4670 112 41 wegen
738 4666 99 43 ſeiner
885 4666 233 46 rückſtändigen
1159 4667 196 44 Kaufgelder
1399 4668 44 33 ad

577 4715 93 32 3000
695 4713 90 41 Thlr.
802 4713 89 35 Gold
917 4715 67 32 und
1010 4715 49 33 die
1085 4713 245 44 allergnädigſte
1347 4715 94 41 Herr⸗

576 4758 97 46 ſchaft
698 4768 107 35 wegen
833 4759 83 36 ihrer
942 4760 251 42 gutsherrlichen
1220 4761 121 40 Rechte.
1403 4807 4 7 M

627 4806 68 35 Der
722 4804 332 44 Ausſchlußbeſcheid
1076 4805 117 49 erfolgt
1218 4815 63 26 nur
1308 4817 42 24 an
1377 4807 63 42 hie⸗

576 4849 83 47 ſiger
685 4851 239 43 Gerichtstafel.

624 4897 215 42 Neuſtadt
866 4908 29 23 a.
922 4897 52 41 R.,
1003 4899 59 33 den
1090 4901 31 31 2.
1146 4898 137 42 Januar
1310 4901 98 32 1861.

576 4943 238 77 Königlich
857 4943 218 75 Hannov.
1120 4947 319 74 Amtsgericht.

847 5023 241 57 Abtheilung
1120 5023 56 43 II.

820 5080 374 46 Chappuzeau.

600 5161 704 75 Berkaufs⸗Anzeige.

608 5244 121 46 ☛
890 5244 111 34 Meine
1036 5244 79 39 dicht
1150 5252 58 28 vor
1243 5244 198 44 Otterndorf

802 5305 3 25 ½
844 5289 105 40 (Land
989 5290 152 42 Hadeln),
1185 5292 73 41 hart
1301 5301 41 25 an
1386 5294 52 33 der

845 5334 156 43 Chauſſee
1043 5337 153 42 belegene,
1243 5338 78 36 ſtark
1377 5337 60 41 fre⸗

805 5379 2 2 ²
844 5383 171 41 quentirte,
1055 5383 44 33 im
1140 5384 98 39 beſten
1275 5384 163 46 Zuſtande

570 5421 57 45 ſich
656 5423 183 43 beſindende
863 5426 376 46 Kornwindmühle
1274 5430 60 35 mit
1372 5432 64 40 drei

572 5469 154 44 Gängen,
762 5472 101 34 einem
891 5473 152 44 Weizen⸗,
1072 5475 152 43 Roggen⸗
1251 5478 66 32 und
1345 5477 90 35 einen

573 5515 219 45 Schellgang;

617 5561 103 43 ferner
746 5564 49 34 ein
822 5563 214 45 Wohnhaus,
1064 5565 158 42 Scheune,
1249 5567 95 43 Obſt⸗
1367 5569 67 34 und

571 5606 256 46 Gemüſegarten
855 5611 85 39 nebſt
967 5612 161 34 Brunnen
1168 5617 65 30 und
1269 5621 94 27 wenn
1400 5617 34 32 es

570 5654 179 43 gewünſcht
775 5656 93 40 wird,
900 5656 90 34 einen
1017 5657 120 40 Hadler
1164 5659 141 44 Morgen
1333 5661 99 42 beſten

569 5700 233 42 Ackerlandes,
833 5703 56 33 bin
931 5703 41 37 ich
1008 5704 152 41 Willens,
1199 5712 94 28 wenn
1320 5707 111 43 irgend

570 5746 200 37 annehmlich
799 5749 133 42 geboten
960 5749 93 41 wird,
1091 5750 33 34 in
1161 5751 102 35 einem
1291 5753 141 44 einzigen

568 5790 151 37 Termine
853 5834 2 2 am

785 5840 78 36 16.
890 5839 177 45 Jannar
1090 5843 124 35 1861

569 5882 47 36 im
662 5883 105 45 Hauſe
820 5887 55 32 des
918 5888 200 42 Gaſtwirths
1160 5889 270 45 Schlichting

568 5928 160 44 hierſelbſt
755 5941 40 24 an
824 5932 58 33 den
905 5932 262 44 Meiſtbietenden
1193 5945 37 34 zu
1251 5936 180 44 verkaufen.

616 5976 284 42 Otterndorf,
927 5979 44 33 im
998 5979 173 37 December
1198 5985 100 32 1860.

645 6021 151 46 Müller
827 6022 281 48 Hinrich
1139 6026 290 47 Steffens.

568 6110 852 130 Gas⸗Erleuchtungs⸗Anſtalt.

566 6252 429 73 Herabſetzung
1043 6258 100 56 des
1183 6259 244 67 Preiſes

711 6333 215 46 vpn
963 6325 222 58 Cpaks.

625 6388 361 56 Ausgezeichneter,
1053 6407 76 31 von
1188 6400 67 41 den
1307 6401 116 46 beſten

567 6447 264 51 weſtfäliſchen
861 6450 150 53 Kohlen
1037 6453 191 44 bereiteter
1248 6455 176 49 Coaks

564 6503 44 47 iſt
641 6515 74 45 von
748 6506 28 39 5
802 6508 98 54 Ngr.
930 6510 73 49 auf
1031 6512 42 45 4
1099 6513 97 52 Ngr.
1228 6527 77 41 pro
1327 6515 96 41 Bal⸗

564 6572 70 43 gen
671 6561 257 58 herabgeſetzt.
990 6566 79 43 Die
1091 6567 237 59 Zuſendung
1362 6585 60 41 ge⸗

562 6618 133 52 ſchieht
728 6621 61 48 für
823 6621 56 42 die
914 6623 127 44 Stadt
1073 6625 57 43 bei
1164 6627 153 54 Fudern
1351 6628 66 55 frei

561 6680 98 39 vors
693 6676 129 53 Haus.

622 6734 267 58 Beſtellungen
923 6738 147 45 können
1089 6741 73 51 auf
1179 6744 69 40 den
1272 6742 149 53 Comp⸗

562 6790 125 43 toiren
722 6796 60 38 der
804 6794 152 52 Anſtalt
988 6796 37 44 in
1061 6798 62 42 der
1146 6800 172 50 Glockſee
1341 6806 77 38 und

561 6847 76 43 Gr.
687 6848 287 57 Egidienſtraße
1063 6852 39 59 №
1148 6856 60 53 21
1252 6861 168 52 gemacht

559 6909 169 38 werden.

563 7009 128 36 ☚—
817 7000 65 35 Ein
909 7002 237 42 Material⸗
1179 7009 84 37 und
1291 7006 128 40 Colo⸗

564 7045 514 49 mnnial⸗Geſchäft
1114 7054 81 34 wird
1233 7064 36 35 zu
1305 7054 111 44 kaufen

557 7095 75 27 oder
660 7099 36 34 zu
723 7092 129 39 pachten
880 7094 132 42 geſucht.
1048 7098 198 43 Schrifiliche
1271 7100 144 44 Offerten

555 7135 97 35 bittet
695 7145 76 26 man
809 7139 135 34 franco
977 7144 94 34 unter
1107 7145 54 34 N.
1196 7147 56 36 N.
1291 7149 34 34 in
1364 7149 52 33 der

556 7181 195 43 Expedition
781 7184 95 42 dieſer
902 7186 141 46 Zeitung
1071 7190 191 45 abzugeben.

812 7265 65 43 Für
905 7267 49 34 ein
982 7268 121 44 Eiſen⸗,
1128 7271 94 45 Holz⸗
1254 7278 67 32 und
1349 7278 65 35 Co⸗

765 7311 429 49 lonial⸗Waaren⸗Geſchäft
1218 7320 44 34 im
1279 7322 135 41 Hanno⸗

551 7355 141 40 Verſchen
719 7357 81 35 wird
826 7361 50 31 ein
914 7360 61 34 mit
1008 7362 51 34 der
1086 7363 235 48 Buchführung
1349 7373 65 33 und

551 7395 219 58 ſchriftlichen
788 7395 141 58 Arbeiten
962 7410 188 39 vertrauter,
1186 7411 136 44 geſetzter
1346 7421 66 30 und

551 7446 157 46 tüchtiger
733 7448 117 45 junger
877 7452 110 34 Mann
1017 7455 53 34 als
1096 7451 317 56 Geſchäftsfüh⸗

550 7500 71 31 rer
635 7494 131 44 geſucht.
805 7496 145 43 Offerten
964 7500 122 34 franco
1104 7502 64 33 sub
1181 7503 67 33 Lit.
1269 7505 68 34 M.
1354 7507 57 36 F.

548 7533 70 43 N№.
648 7540 112 35 570
786 7544 90 38 durch
905 7545 46 34 die
978 7546 197 44 Expedition
1203 7550 28 33 d.
1257 7544 155 58 Zeitung.

1138 7629 67 43 Für
1226 7633 49 33 ein
1295 7634 116 36 Band⸗

597 7620 514 98 (Lehrlingsſtelle.)
1137 7678 67 32 ü
1246 7679 38 34 n
1288 7688 122 36 Bad

547 7713 222 42 ren⸗Geſchäft
794 7728 42 21 en
859 7729 81 32 gros
964 7721 30 31 &
1019 7731 42 22 en
1086 7721 107 35 détail
1214 7724 35 35 in
1270 7725 139 38 Bremen

548 7761 82 33 wird
658 7759 58 42 auf
734 7762 114 40 Oſtern
875 7765 50 34 ein
952 7765 117 46 junger
1084 7768 110 35 Mann
1215 7772 53 34 als
1288 7771 121 44 Lehr⸗

545 7804 93 47 ling
665 7806 128 44 geſucht,
821 7810 51 35 der
897 7812 62 35 mit
983 7816 98 41 guten
1109 7815 299 47 Schulkenntniſſen

547 7852 204 43 ausgerüſtet
776 7854 48 41 iſt.
894 7856 291 44 Franco⸗Offerten
1223 7865 94 35 unter
1340 7867 70 33 Lit.

548 7897 71 34 B.
645 7894 67 42 №e.
737 7899 72 35 54
848 7903 120 41 nimmt
1007 7906 49 34 die
1082 7907 191 44 Expedition
1314 7912 94 45 dieſer

542 7942 144 48 Zeitung
714 7951 165 41 entgegen.

2219 3090 96 42 Dieſe
2341 3091 181 41 rühmlichſt
2558 3094 174 33 bekannten
2760 3095 140 40 ächten
2979 3094 23 38 ½
3044 3093 227 35 Rheini-

1635 3160 1 3 G
1673 3120 237 73 Rheiniſche
2126 3137 168 34 schen
2336 3137 570 38 Brust-Caramellen
2944 3154 92 26 —½
3072 3143 106 50 haben
3203 3136 68 46 ſich

2125 3184 90 37 durch
2243 3185 67 37 ihre
2336 3185 177 44 vorzüglich
2551 3186 238 35 lindernde
2824 3190 67 31 und
2927 3188 345 44 beſänftigende

1563 3184 460 93 Druſt-Caramellen
2122 3229 210 45 Wirkung
2371 3232 47 33 bei
2454 3232 80 34 allen
2575 3231 243 43 Conſumenten
2858 3235 283 43 ungewöhnlichen
3179 3233 97 46 Ruf

1523 3280 32 26 n.
1572 3277 28 29 d.
1616 3273 231 43 Compoſition
1864 3280 28 29 d.
1907 3276 39 34 K.
1962 3274 94 45 Prof.
2122 3277 67 33 und
2216 3276 286 48 Empfehlung
2530 3280 176 39 erworben,
2742 3283 66 30 und
2845 3280 30 42 ſo
2904 3283 60 33 wie
2990 3280 78 42 dieſe
3086 3281 185 54 Bruſtzelt⸗

1542 3319 62 32 Dr.
1634 3319 160 39 Albers
1823 3331 42 34 zu
1887 3322 144 37 Bonn.
2121 3322 69 41 chen
2218 3323 47 33 bei
2293 3324 102 40 Allen,
2437 3326 47 32 die
2521 3323 38 44 ſie
2595 3326 128 39 kennen,
2761 3336 69 33 zum
2871 3328 400 42 unentbehrlichen

2118 3369 283 41 Hausmittel
2429 3373 138 35 werden,
2595 3372 101 34 bieten
2722 3371 38 40 ſie
2785 3374 134 43 zugleich
2941 3378 66 30 dem
3036 3373 233 55 Geſunden

1504 3413 89 32 einen
1623 3415 306 41 angenehmen
1958 3414 170 40 Genuß.
2166 3434 44 5 —
2250 3415 319 46 Alleinverkauf
2564 3409 35 57 in
2654 3417 201 45 verſiegelten
2882 3420 246 55 roſarothen
3157 3417 113 63 Düten

1503 3457 21 32 à
1544 3453 15 60 ⁵
1596 3458 97 43 Sgr.,
1720 3459 60 41 auf
1804 3462 90 32 deren
1922 3460 200 43 Vorderſeite
2149 3460 54 42 fich
2231 3463 47 32 die
2306 3463 140 38 bildliche
2473 3463 211 44 Darſtellung
2721 3465 159 39 „Vater
2913 3465 142 44 Rhein
3091 3469 82 36 und
3210 3471 63 34 die

1503 3502 166 46 Moſel“
1698 3505 146 45 befindet,
1872 3508 75 33 nach
1976 3506 58 35 wie
2062 3515 57 27 vor
2146 3508 340 43 ausſchließlich
2515 3510 48 34 bei

1911 3553 66 74 J.
1998 3551 74 78 E.
2096 3553 75 76 A.
2204 3554 381 90 Telgmann,
2616 3564 327 70 Somiedeſtraße
2980 3579 76 49 M
3075 3584 65 42 17.

1594 3662 360 146 Mappins
2005 3702 294 103 Cutlery
2346 3705 147 77 and
2538 3706 347 124 Dressing
2933 3709 264 106 Cases.

1943 4407 319 57 Mapbins’
2294 4410 228 47 Guard
2553 4414 254 46 Razors

1537 4472 36 42 iſt
1598 4473 68 35 eine
1692 4475 253 43 ausgezeichnete
1981 4476 195 46 Erfindung,
2202 4489 55 24 um
2283 4489 36 33 zu
2345 4481 163 43 verhüten,
2534 4483 61 43 daß
2621 4493 75 25 man
2724 4484 52 44 ſich
2803 4485 82 36 beim
2909 4486 136 43 Raſiren
3072 4488 145 44 ſchneide.

1855 4522 69 35 Mit
1961 4520 170 48 ſchwarzen
2159 4524 126 44 Griffen
2312 4526 65 44 5½
2404 4527 104 42 Shill.
2531 4544 46 14 —
2592 4516 17 64 1
2638 4529 90 42 Thlr.
2754 4533 43 31 25
2814 4532 83 44 Sgr.

1767 4612 65 42 Per
1858 4613 78 41 Poſt
1962 4615 147 42 verſandt
2137 4615 51 43 für
2213 4620 21 30 8
2260 4618 103 42 Pence
2389 4619 82 45 (66½
2497 4620 101 45 Sgr.)
2626 4625 100 42 extra,

1645 4670 322 56 Mappins’
1997 4673 481 58 Toilette⸗Käſtchen
2521 4683 79 39 und
2633 4679 479 59 Toilette⸗Taſchen.

1628 4737 156 39 Gebr.
1813 4740 269 45 Mappims’
2111 4746 189 41 garantiren
2334 4745 89 44 jeden
2450 4739 116 44 Artikel
2601 4749 34 35 in
2669 4749 111 44 dieſem
2807 4752 128 43 Zweige
2972 4754 87 41 ihres
3086 4754 171 50 Fabrikats

2834 4601 16 13 „

1490 4783 53 51 als
1570 4792 62 27 von
1661 4786 92 38 beſter
1779 4787 158 35 Qualität
1965 4792 64 30 und
2058 4790 159 39 leichteſter
2242 4795 67 31 und
2337 4792 192 45 gefälligſter
2553 4796 112 41 Form.

1647 4843 270 44 Mappins’
1942 4845 594 50 Herren⸗Toilette⸗Käſtchen
2701 4857 15 29 1
2747 4854 131 36 Guinea
2903 4871 46 14 —
2987 4888 2 2 7
3042 4857 92 45 Thlr.

1797 4893 51 32 do.
1987 4893 52 33 do.
2188 4895 57 34 do.
2380 4905 63 26 von
2471 4898 178 37 Leder.
2698 4904 20 29 2
2814 4924 16 13 „
2902 4917 46 14 ☚
2977 4905 41 31 14
3076 4926 16 12 „

1797 4939 52 31 do.
1989 4942 53 29 do.
2181 4942 51 33 do.
2325 4941 194 47 Taſchen
2694 4950 22 29 4
2742 4947 55 39 Pf.
2815 4948 59 35 St.
2970 4951 44 31 27
3076 4973 15 12 „

1878 4983 124 45 Letztere
2030 4985 176 42 empfehlen
2233 4987 53 43 ſich
2315 4988 173 43 beſonders
2515 4990 48 43 für
2582 4971 125 61 ſtarken
2736 4994 245 43 Gebrauch.

1490 5036 268 44 Mappins’
1784 5039 164 40 lederne
1974 5041 430 50 Toiletten⸗Käſtchen
2431 5048 73 45 für
2533 5049 164 40 Damen
2701 5032 23 66 1
2761 5052 54 42 Pf.
2835 5054 68 35 St.
2933 5058 20 30 4
2969 5053 66 41 Sh.
3051 5069 70 65 8⁄
3129 5058 24 77 8
3169 5048 79 55 Thlr

1626 5087 39 31 do
2991 5124 17 12 7„
3044 5115 45 15 —

2992 5170 17 13 ⁄
3043 5162 29 14 —
3104 5151 42 31 28
3183 5152 4 8 H

1872 5089 51 32 do.
2017 5090 61 33 mit
2104 5091 138 35 Sammt
2268 5093 160 43 gefuttert,
2457 5097 60 32 mit
2543 5096 121 43 Schloß
2691 5123 8 9 .
2725 5101 20 30 2

1776 5126 563 72 Reiſe⸗Toiletten⸗Taſchen
2366 5141 74 44 für
2464 5140 166 41 Damen

1974 5216 73 8 —

2901 5104 41 29 12

2921 5150 21 30 4

2818 5123 16 12 &
3190 5124 16 14 „

1625 5109 53 55 do.

2694 5169 8 9 .
2727 5147 22 31 4

2822 5169 19 11 .
3189 5171 16 13 vhg

1502 5635 156 44 A

1577 5869 622 53 Damen⸗Toilette⸗Taſchen,
2521 5882 584 52 Damen⸗Toilette⸗Taſchen,

1479 5913 191 47 vollſtändig
1706 5919 59 33 mit
1800 5920 90 34 allem
1917 5921 260 46 Nothwendigen
2212 5924 50 44 für
2289 5926 47 35 die
2386 5928 192 46 vollſtändig
2626 5934 59 33 mit
2734 5934 211 44 Schreibzeug
2986 5938 66 31 und
3088 5937 152 36 Toilette⸗

1616 5962 100 44 Reiſe,
1747 5966 40 31 13
1814 5965 55 42 Pf.
1887 5966 59 36 St.
1971 5982 45 14 —
2040 5971 42 31 85
2108 5970 89 41 Thlr.
2407 5974 256 51 Gegenſtänden,
2681 5981 18 30 7
2711 5979 54 42 Pf.
2781 5980 58 35 St.
2856 5983 41 31 18
2910 5981 66 41 Sh.
3001 5997 26 14 —
3070 5985 44 31 50
3131 5984 88 42 Thlr.

1617 6032 65 34 Die
1706 6032 198 47 Niederlage,
1931 6038 42 32 67
2000 6038 30 31 &
2055 6040 53 38 68,
2134 6039 95 44 King
2253 6042 157 34 William
2435 6044 123 42 Street,
2583 6047 148 33 London
2748 6050 136 43 Bridge,
2909 6050 36 41 iſt
2972 6051 58 35 mit
3057 6052 82 35 einer
3166 6062 59 26 vor

1493 6075 143 46 üglichen
1662 6079 164 41 Auswahl
1840 6089 75 43 von
1941 6081 414 51 Toilette⸗Käſtchen
2390 6092 67 32 und
2483 6089 215 41 Toilette-
2714 6093 194 47 Taſchen,
2949 6098 72 32 dem
3055 6098 185 43 Bedürfniß

1473 6085 85 80 z
1583 6122 106 45 Klaſſe
1713 6132 63 27 von
1802 6126 143 42 Käufern
1967 6128 232 46 entſprechend,
2228 6136 223 41 ausgeſtattet.
2522 6137 178 41 Illuſtrirte
2725 6141 160 44 Kataloge
2917 6143 123 35 werden
3078 6143 62 47 auf
3160 6144 80 37 Ver⸗

1474 6169 126 45 en
1625 6177 54 36 Per
1705 6171 79 42 Z
1809 6181 52 36 Krg
1873 6172 133 62 d
2210 6180 304 94 Manpin
2566 6184 347 92 Brothers,
3170 6262 2 2 M

1984 6266 53 44 67
2072 6267 35 42 &
2136 6269 66 56 68,
2235 6270 117 58 King
2381 6273 194 44 William
2610 6275 151 56 Street,
2793 6278 181 43 London
3004 6280 173 57 Bridge.

2100 6328 257 43 Manufactory,
2385 6333 146 39 Queen’s
2558 6334 143 43 Cutlery
2726 6336 142 41 Works,
2893 6338 174 33 Shoffield.

1482 6504 1 3 j
1645 6468 333 48 (Eingesandt.)
2026 6475 66 33 Die
2117 6477 184 46 englische
2319 6480 83 32 oder
2433 6480 54 33 die
2511 6482 234 35 französische
2770 6486 152 42 Sprache
2947 6488 128 33 erlernt
3099 6501 80 21 man
3210 6488 18 43 8

1487 6512 150 34 leicht
1660 6515 71 32 und
1754 6519 185 41 gründlieh
1965 6520 110 34 durch
2100 6522 55 33 die
2182 6523 51 32 als
2266 6527 287 42 vorzüglich
2588 6533 301 31 anerkannte
2923 6533 298 44 briefliche

1488 6558 384 45 Lehrmethode
1907 6567 60 31 der
1991 6567 136 33 Herren
2152 6569 43 32 D.
2220 6569 45 33 H.
2290 6570 240 37 Lehmann
2562 6575 71 34 und
2666 6576 39 32 L.
2731 6577 254 43 Lehmann,
3019 6581 92 33 Prof.
3137 6583 42 33 de

1529 6604 92 45 lang.
1645 6607 109 48 frangç.
1781 6613 34 28 et
1838 6611 93 43 angl.
1976 6614 140 32 Bücher
2140 6614 70 33 und
2235 6617 276 35 V’orkenntnisse
2535 6620 76 34 sind
2635 6632 42 22 zu
2701 6624 129 35 diosem
2855 6625 202 34 Unterricht
3080 6629 98 33 nicht

1481 6652 287 35 erforderlich.
1793 6675 46 5 —
1862 6657 71 33 Der
1958 6658 129 35 Cursus
2109 6659 122 35 dauert
2256 6664 20 32 9
2301 6663 151 34 Monato.
2510 6666 72 32 Das
2605 6667 164 36 Honorar
2793 6670 141 44 betrügt
2957 6684 63 37 pro
3046 6674 179 45 Woche

1485 6697 110 43 2½
1612 6699 75 44 Sgr.
1712 6701 71 32 und
1807 6703 88 32 wird
1918 6704 89 33 für
2000 6693 22 63 3
2026 6706 142 33 Monate
2193 6709 209 33 entrichtet.
2435 6710 107 35 Jeder
2555 6713 243 35 Theilnehmer
2823 6717 111 35 erhüit
2947 6720 230 36 wöchentlich

1479 6743 151 41 einen
1653 6746 218 43 gedruckhten
1896 6750 323 44 Unterrichtsbrief,
2246 6757 41 31 16
2313 6755 114 34 Seiten
2451 6768 53 32 gr.
2521 6759 282 44 Octav-Format,
2829 6763 120 34 franco
2975 6768 200 42 zugesandt.

1491 6793 3 33 p
1641 6792 119 34 Damit
1792 6794 74 34 sich
1900 6796 82 34 aber
2015 6798 211 47 Jedermann
2258 6811 69 22 von
2362 6802 59 34 der
2454 6804 295 36 Vortrefflichkeit
2783 6808 111 34 dieser
2926 6811 250 37 Lehrmethode

1481 6837 224 35 orher
1728 6840 305 47 überzeugen
2059 6844 116 34 kann,
2225 6857 37 22 so
2287 6847 78 33 sind
2389 6849 64 33 wir
2476 6861 88 33 gern
2588 6852 121 43 bereit,
2735 6855 66 33 den
2813 6860 116 29 ersten
2941 6857 290 38 Unterrichts-

1526 6881 96 34 brief
1640 6884 90 33 nach
1756 6886 91 34 allen
1873 6888 110 33 Orten
2006 6892 158 41 gratis
2188 6892 71 33 und
2284 6894 162 34 franco
2472 6907 42 23 zu
2538 6898 227 35 übersenden.
2902 6906 2 4 f

1640 6930 214 46 Meldungen
1879 6938 65 29 etc.
1969 6937 103 33 wolle
2097 6949 79 24 man
2200 6939 164 34 franco
2388 6942 173 45 gelangen
2584 6945 113 33 lassen
2724 6958 43 22 an
2792 6948 55 33 die
3208 6975 13 12 8

2059 6995 268 46 Selbstverlags-
2340 6998 200 45 Expedition
2564 7002 60 34 der
2648 7004 143 43 Sprech-
2814 7005 72 33 und
2910 7007 265 38 Schreibschule
3207 7028 15 25 8

2219 7043 58 32 für
2301 7046 175 42 englische
2500 7049 72 33 und
2595 7050 231 34 französische
2852 7053 161 43 Sprache.
3215 7057 3 4 M

2324 7091 129 42 Berlin,
2479 7094 317 38 Alexandrinerstr.
2826 7102 73 34 108.

2420 7237 63 35 Ein
2518 7237 116 48 junger
2667 7244 122 43 Mann,
2824 7248 69 34 dem
2929 7250 47 36 die
3009 7251 103 42 beſten
3134 7252 96 55 Refe⸗

2373 7291 110 37 renzen
2503 7294 61 44 zur
2591 7287 93 37 Seite
2718 7292 112 43 ſtehen,
2865 7293 82 43 ſucht
2981 7302 94 34 unter
3108 7301 119 40 ſoliden

2373 7329 202 43 Anſprüchen
2603 7334 49 34 ein
2674 7336 226 48 Engagement
2924 7343 33 35 in
2984 7345 100 36 einem
3103 7348 125 38 Manu⸗

2372 7374 119 43 factur⸗
2526 7380 73 34 oder
2625 7377 398 59 Modewaarengeſchäfte.
3079 7389 147 54 Adreſſen

2373 7422 59 34 mit
2466 7423 55 37 J.
2549 7424 61 55 S.
2643 7427 64 36 22
2745 7432 177 44 bezeichnet,
2961 7437 156 44 befördert
3150 7444 77 36 das

2372 7468 239 54 allgemeine
2632 7472 431 54 Annoncen⸗Büreau
3089 7494 63 32 von
3168 7489 58 35 J.

2373 7512 363 54 Schöneberg
2759 7525 33 34 in
2817 7520 234 61 Hamburg.

1527 7223 176 68 ☛
1718 7225 538 77 Ameige.

1509 7303 51 43 In
1588 7307 51 34 der
1672 7306 138 46 hieſigen
1836 7309 405 47 Synagogen⸗Gemeinde
2266 7315 56 42 ſoll

1464 7350 49 36 die
1538 7350 104 37 Stelle
1667 7354 88 35 eines
1780 7352 188 47 Lehrers,
1995 7358 234 42 Vorbeters
2255 7365 66 32 und

1464 7397 250 45 Schächters
1751 7399 185 46 ſofort
1974 7406 73 34 oder
2085 7406 172 42 ſpäteſtens
2284 7419 37 34 zu

1463 7443 113 42 Oſtern
1606 7448 83 32 1861
1719 7450 113 32 wieder
1869 7450 100 41 beſet
2003 7454 213 34 werden.
2209 7439 25 57 —
2254 7456 87 36 Der

1466 7490 119 43 Gehalt
1611 7492 127 45 beträgt
1771 7496 68 32 200
1864 7495 89 41 Thlr.
1981 7499 87 42 nebſt
2102 7499 91 43 freier
2219 7498 103 53 Woh⸗

1463 7544 103 36 nung,
1604 7539 295 46 Holzgerechtigkeit
1937 7547 66 29 und
2040 7545 83 40 nicht
2157 7548 162 35 unbedeu⸗

1463 7582 113 35 tenden
1592 7584 315 44 Nebenverdienſten.
1957 7589 218 45 Reflectanten
2204 7596 115 35 wollen

1461 7624 54 45 ſich
1543 7628 136 45 baldigſt
1705 7632 111 43 franco
1843 7635 134 35 melden.

1506 7674 241 45 Adelebſen
1774 7680 215 43 (Hannover),
2006 7684 57 34 den
2080 7687 29 30 1.
2122 7685 83 42 Jan.
2220 7690 99 32 1861.

1694 7722 51 36 S.
1773 7724 51 35 S.
1854 7725 368 51 Eichenberg,

1594 7766 166 47 Vorſteher
1785 7773 53 35 der
1862 7774 415 46 Synagogen⸗Gemeinde.

2387 7645 213 44 Lehrern
2625 7652 67 32 und
2717 7651 295 50 Lehrerinnen,
3038 7661 110 41 welche
3169 7663 59 41 auf

2370 7691 113 42 Oſtern
2512 7695 72 33 oder
2610 7694 129 45 ſogleich
2767 7700 49 34 ein
2844 7705 247 43 vortheilhaftes
3112 7707 110 46 Enga⸗

2370 7741 126 40 gement
2522 7743 221 41 anzunehmen
2769 7745 175 48 wünſchen,
2972 7752 78 35 biete
3065 7753 42 41 ich
3122 7756 101 35 meine

2372 7784 240 48 Vermittelung
2643 7799 53 25 an.
2756 7791 135 39 Genaue
2917 7798 135 42 Angabe
3079 7801 50 34 der
3156 7802 64 35 Be⸗

1885 7872 2 2 1
2369 7832 212 55 dingungen,
2630 7835 235 47 Perſonalien,
2917 7843 186 46 Leiſtungen
3151 7853 66 34 und

1503 7869 86 40 Ein
1614 7872 366 52 Barbiergehülfe,
2009 7883 51 33 der
2074 7886 59 40 gut
2147 7885 165 41 barbieren
2362 7876 170 48 Zeugniſſe
2557 7879 68 44 ſind
2651 7882 208 43 erforderlich.

1456 7914 91 43 kann,
1576 7918 81 35 wird
1683 7919 59 44 für
1761 7923 47 33 die
1824 7924 110 36 Stube
1947 7910 53 70 auf
2005 7928 153 44 ſogleich
2177 7926 131 50 geſucht.
2645 7929 51 34 F.
2723 7930 254 48 Vollmer,
3004 7937 119 41 Lehrer,

4240 3112 64 26 von
4346 3105 169 43 England,

3718 3101 78 49 Die

4567 3110 19 29 9
4632 3110 81 33 Bde.

4757 3110 244 44 Klaſſ.⸗Form.,
5045 3122 63 25 nur

5876 632 74 36 Von
5987 641 78 36 dem

3322 3178 197 63 billigste
3536 3179 351 67 Buchhandlung
3904 3185 80 49 der
3999 3185 124 51 Welt

3291 4662 61 32 6s8
3379 4660 144 44 Sgr.!!!
3549 4681 42 5 —
3624 4662 325 46 Shakeſpeare’s
3975 4667 191 41 ſämmtliche

4132 3188 53 33 !!!

4131 3225 9 12 ₂
4151 3225 8 12 ⁷
4171 3225 14 12 ₂H

3347 3257 120 75 Die
3506 3258 177 86 beſten
3725 3261 245 91 Bücher,
4021 3265 140 76 neu!

3312 3374 59 60 Zu
3414 3359 770 89 Concurrenz-Spottpreiſen!!!

3323 3450 113 46 ☛
3476 3452 213 45 Garantie
3723 3454 74 46 für
3833 3459 107 37 neu!
3982 3460 201 44 complet!

3557 3499 247 48 fehlerfrei!
3823 3504 119 44 ☚

3367 3555 100 39 Van
3486 3557 70 38 der
3572 3558 176 38 Velde’s
3760 3558 142 44 ſämmtl.
3915 3562 116 41 Werke,
4059 3565 123 38 neueſte

3323 3601 163 45 Ausg.,
3466 3597 21 59 8
3504 3603 92 41 Bde.,
3623 3604 268 44 Klaſſ.⸗Format,
3919 3608 51 41 für
3985 3612 57 32 den
4057 3610 123 42 Spott⸗

3321 3649 117 38 preis
3460 3657 63 25 von
3565 3650 44 33 45
3659 3651 143 44 Sgr.!!
3844 3673 44 5 —
3928 3654 253 46 Maleriſche

3320 3693 363 46 Naturgeſchichte
3722 3700 51 32 der
3805 3701 20 31 3
3851 3700 119 42 Reiche,
4010 3702 77 34 über
4113 3706 68 31 600

3321 3750 47 33 gr.
3394 3741 210 35 Oct.⸗Seiten
3631 3743 75 44 Text
3747 3745 59 35 mit
3840 3755 44 26 ca.
3910 3750 69 31 400
4004 3749 173 35 colorirten

3320 3787 243 44 Abbildungen,
3607 3791 100 40 1861,
3746 3791 35 34 in
3830 3793 76 39 reich
3939 3796 234 43 vergoldetem

3320 3833 207 37 Prachtband
3563 3835 181 44 gebunden,
3787 3847 62 26 nur
3884 3841 45 31 45
3964 3840 144 45 Sgr.!!!
4133 3861 43 6 —

3319 3878 273 45 Hoffmann’s
3607 3882 171 35 Erdkunde
3804 3886 61 34 mit
3891 3885 75 36 über
3990 3889 45 35 80
4060 3888 115 42 (theils

3319 3928 34 31 in
3378 3925 232 44 Farbendruck)
3649 3928 242 47 Abbildungen,
3931 3934 124 41 neueſte
4095 3934 81 44 Auf⸗

3320 3972 80 42 lage,
3428 3981 64 25 nur
3517 3975 43 31 28
3586 3972 142 47 Sgr.!!!
3754 3995 43 6 —
3816 3977 249 45 Gerſtäcker,
4083 3980 92 40 Rich⸗

3318 4017 77 35 ter’s
3422 4018 115 40 Reiſen
3569 4028 54 26 um
3651 4022 48 34 die
3725 4022 96 42 Welt,
3863 4026 119 41 neueſte
4020 4037 47 33 gr.
4085 4027 88 35 Oct.⸗

3318 4065 119 42 Ausg.,
3451 4068 20 30 2
3485 4066 80 34 Bde.
3580 4061 54 54 mit
3649 4066 238 45 Kupfertafeln,
3899 4080 63 27 nur
3973 4075 43 31 38
4030 4074 142 44 Sgr.!!

3319 4128 39 5 —
3385 4110 217 40 Bulwer’s
3638 4115 122 40 neueſte
3785 4116 160 41 Romane,
3987 4122 41 29 15
4056 4120 115 34 Bänd⸗

3318 4156 67 34 chen
3411 4158 61 33 mit
3497 4157 238 43 Stahlſtichen,
3778 4171 63 26 nur
3875 4166 43 30 28
3954 4163 148 45 Sgr.!!!
4123 4170 48 21 —

3315 4202 213 47 Bürger’s
3566 4203 140 42 ſämmtl.
3744 4207 117 43 Werke,
3905 4212 19 30 9
3960 4211 117 35 Bände
4111 4213 60 34 mit

3314 4247 128 43 Kpfrn.,
3469 4251 44 31 50
3540 4250 142 44 Sgr.!!!
3708 4272 43 6 —
3774 4253 397 50 Landwirthſchaft,

3315 4294 186 41 allgemeine
3527 4298 132 39 neueſte,
3686 4302 74 31 oder
3786 4303 61 30 das
3874 4302 110 42 Ganze
3997 4306 51 32 der
4066 4305 104 33 Land⸗

3315 4338 203 44 wirthſchaft,
3559 4343 44 31 50
3629 4342 81 34 Bde.
3736 4346 60 32 mit
3821 4347 91 31 3000
3937 4348 143 40 Abbild.,
4108 4358 63 25 nur

3313 4387 19 30 3
3359 4385 89 40 Thlr.
3474 4389 43 30 25
3543 4387 145 44 Sgr.!!!
3726 4409 42 6 —,
3803 4389 228 41 Vollmer’s
4058 4394 113 44 größte

3312 4431 275 47 Mythologie
3628 4434 77 35 aller
3743 4435 124 42 Völker,
3912 4440 120 38 neueſte
4072 4441 96 42 große

3301 4477 231 44 Prachtausg.
3574 4488 42 25 m.
3652 4488 29 26 v.
3717 4481 179 40 hunderten
3923 4484 143 41 Abbild.,
4108 4496 62 24 nur

3312 4526 44 29 54
3381 4523 140 43 Sgr.!!!
3547 4543 41 5 —
3616 4525 278 43 Schmidlin’s
3907 4530 157 40 populâre
4079 4531 90 38 Bo⸗

3310 4568 127 42 tanik,
3481 4571 119 39 neueſte
3638 4573 76 33 57
3693 4564 38 56 er
3748 4573 108 43 Ausg.
3891 4576 60 34 mit
3977 4576 74 34 über
4080 4579 87 32 1600

3310 4617 139 38 prachtv.
3477 4615 231 40 colorirten
3735 4618 143 42 Abbild.,
3906 4622 76 43 eleg.
4004 4623 81 42 geb.,
4103 4633 63 25 nur

3310 4706 116 42 Werke,
3465 4709 122 40 neueſte
3621 4709 136 42 deutſche
3790 4712 112 40 illuſtr.
3928 4715 169 42 Ausgabe,
4124 4720 42 29 12

3311 4752 115 35 Bände
3452 4754 33 33 in
3511 4754 379 48 reichvergoldeten
3903 4757 260 46 Einbänden,

3308 4808 63 25 nur
3397 4802 43 30 60
3466 4799 139 44 Sgr.!!!
3632 4820 43 6 —
3700 4803 180 46 Berge’s
3893 4804 269 46 Conchylien⸗

3308 4845 95 42 buch
3429 4847 59 33 mit
3513 4848 58 33 den
3596 4847 134 39 vielen
3743 4850 176 40 hunderten
3933 4852 231 40 colorirten

3308 4892 160 41 koſtbaren
3481 4892 243 45 Abbildungen,
3739 4897 76 42 eleg.
3827 4899 44 39 4.,
3884 4907 63 25 nur
3962 4900 42 33 56
4019 4900 143 44 Sgr.!!!

3308 4956 40 5 —
3375 4937 180 44 Berge’qs
3583 4939 312 46 Giftpflanzenbuch,
3940 4945 120 41 ebenſo,
4100 4957 62 24 nur

3305 4984 43 31 52
3375 4984 147 44 Sgr.!!
3665 4987 231 42 Schmidt’s
3942 4990 218 44 Petrefacten⸗

3307 5029 84 41 buch,
3418 5029 123 42 ebenſo,
3568 5041 63 26 nur
3657 5036 42 30 52
3715 5034 446 46 Sgr.!!!
3897 5025 21 59 —
3942 5034 219 46 Schmidt’s

3305 5075 288 43 Mineralienbuch,
3636 5078 121 43 ebenſo,
3797 5090 61 26 nur
3884 5084 42 31 52
3953 5082 138 45 Sgr.!!
4116 5104 44 5 —

3303 5121 139 35 1001
3467 5121 145 46 Nacht,
3639 5127 45 32 40
3708 5126 100 40 Thle.,
3838 5129 59 33 mit
3923 5131 66 31 150
4015 5131 143 41 Abbild.,

3303 5177 62 25 nur
3402 5169 43 32 60
3480 5169 138 44 Sgr.!!!
3659 5190 42 6 —
3752 5171 194 47 Faublas
3997 5175 161 40 Liebes⸗

3302 5214 240 43 abenteuer,
3585 5218 21 32 8&
3648 5217 88 40 Thle.
3781 5221 58 32 mit
3881 5220 172 44 Kupfern,
4095 5233 64 26 nur

3302 5262 19 30 3
3346 5260 150 40 Thlr.!!!
3522 5280 44 6 —
3589 5260 244 48 Illuſtrirte
3859 5266 136 43 Beilage
4014 5277 38 35 zu
4075 5270 81 34 allen

3301 5306 195 44 Zeitungen,
3531 5310 31 31 4.
3590 5311 58 32 mit
3673 5311 223 44 tauſenden
3924 5314 142 44 Abbild.,
4093 5325 63 26 nur

3302 5355 40 29 16
3369 5352 137 44 Sgr.!!!
3543 5373 42 6 —
3623 5356 239 45 Kirchbach,
3911 5359 131 42 Chemie
4088 5366 67 31 und

3301 5398 220 45 Mineralogie
3571 5404 51 32 der
3663 5403 249 44 Gewerbkunde,
3964 5409 19 30 3
4027 5407 128 45 Bände,

3299 5444 118 42 neueſte
3443 5444 102 43 Aufl.,
3579 5450 44 31 44
3649 5448 358 50 Sgr.!!!
3814 5440 17 63 —
3851 5448 137 50 Gräſſe
4027 5455 126 44 allgem.

3299 5491 333 45 Literaturgeſchichte,
3660 5505 78 24 neue
3765 5494 104 46 Aufl.,
3896 5501 43 31 20
3960 5500 77 44 Sgr.
4093 5503 61 33 —

4197 4445 168 40 neueſten
4396 4447 73 42 Zeit
4494 4452 67 30 und
4588 4451 172 40 Literatur,

4239 3152 43 31 68
4309 3150 145 44 Sgr.!!’
4491 3173 43 5 —
4575 3153 219 43 Wieland,
4838 3159 42 31 36
4908 3157 94 41 Bde.,
5044 3168 63 25 nur

4238 3199 19 29 5
4285 3197 89 39 Thlr.
4393 3201 43 30 28
4463 3199 467 46 Sgr.!!!
4656 3193 30 57 —
4709 3199 209 46 Thümmel,
4957 3208 40 28 12
5013 3205 93 41 Bde.,

4238 3252 63 25 nur
4327 3246 43 31 68
4396 3245 142 41 Sgr.!!
4566 3266 42 5 —
4634 3247 272 44 Lamartine,
4941 3252 44 31 45
5013 3251 92 40 Bde.,

4239 3299 62 25 nur
4327 3293 21 29 4
4374 3291 152 41 Thlr.!!!
4561 3312 45 6 —
4639 3294 218 40 Bocaccio
4885 3296 218 41 Dekameron,

4236 3336 239 44 vollſtändigſte
4493 3338 138 43 deutſche
4644 3341 122 43 Ausg.,
4792 3345 10 29 4
4816 3342 92 40 Bde.,
4922 3344 43 31 55
4979 3342 125 44 Sgr.!!

4234 3401 45 6 —
4303 3382 240 44 Bojardo’s
4579 3387 167 34 verliebter
4781 3388 146 41 Roland,
4969 3393 19 28 4
5010 3390 94 41 Bde.,

4235 3428 75 40 ſtatt
4347 3431 8 30 9
4382 3430 101 42 Thlr.,
4519 3441 63 25 nur
4619 3436 14 30 1
4675 3435 90 34 Thlr.
4805 3437 45 31 28
4886 3435 145 43 Sgr.!!!
5056 3456 43 5 —

4234 3473 175 41 Walter
4450 3476 168 40 Scott’s
4660 3478 141 44 ſäwmtl.
4840 3481 128 42 Werke,
5023 3484 77 40 beſte

4234 3521 136 42 deutſche
4396 3523 109 44 Ausg.
4541 3525 103 41 vollſt.
4670 3527 33 35 in
4733 3529 65 31 175
4825 3528 101 41 Bdn.,
4964 3525 134 52 eleg.!!!

4233 3576 63 26 nur
4339 3571 20 30 6
4389 3569 91 40 Thlr.
4522 3572 98 40 (nicht
4655 3572 32 42 ſo
4727 3576 58 40 gut
4819 3573 65 44 4¾¼
4921 3575 108 43 Thlr.)
5055 3594 45 8 —

4235 3614 305 44 Shgkeſpeare,
4593 3621 37 43 7.
4680 3619 100 36 Vols.
4836 3623 59 33 mit
4952 3623 146 42 Stahlſt.

4233 3662 42 31 70
4301 3660 150 43 Sgr.!!!
4484 3681 44 6 —
4563 3665 177 45 Byron,
4777 3668 19 32 5
4833 3668 166 34 Volumes
5038 3670 60 34 mit

4232 3706 155 42 Stahlſt.,
4425 3711 50 29 50
4495 3709 141 43 Sgr.!!!
4670 3731 43 6 —
4747 3713 173 43 Kleiſt’s
4953 3714 143 44 ſämmtl.

4231 3752 157 41 Gedichte,
4430 3757 5 30 6
4462 3755 140 45 Sgr.!!!
4637 3777 29 6 —
4713 3758 110 40 Carl
4849 3761 247 44 Spindler’s

4230 3799 229 45 Erzählungen
4481 3803 60 34 mit
4556 3813 45 25 ca.
4620 3807 33 31 20
4668 3806 229 49 Stahlſtichen,
4918 3810 20 31 9
4954 3808 140 45 Sgr.!!!

4228 3864 44 6 —
4306 3845 90 40 Der
4432 3846 272 47 Feierabend,
4743 3856 20 30 3
4800 3854 81 35 Bde.
4920 3856 61 34 mit
5016 3856 77 35 Bei⸗

4227 3891 114 45 trägen
4368 3900 62 27 von
4458 3895 182 45 Gerſtäcker,
4668 3898 210 43 Roßmäßler,
4909 3900 182 44 Hoffmann

4227 3947 32 25 u.
4286 3938 22 42 ſ.
4334 3945 41 28 w.
4419 3941 58 34 alle
4516 3944 19 31 3
4563 3944 82 34 Bde.
4681 3946 60 34 mit
4775 3950 40 30 21
4844 3948 247 41 Kunſtblättern

4226 3984 225 43 (Stahlſtiche)
4478 3998 63 25 nur
4569 3992 42 32 12
4637 3991 451 47 Sgr.!!!
4816 3980 21 62 —
4857 3991 231 47 Zſchokke’s

4227 4033 41 31 17
4295 4032 81 33 Bde.
4402 4033 243 45 Klaſſ⸗Form.,
4673 4039 201 42 nur
4746 4028 21 61 4
4782 4039 92 42 Thlr.
4887 4043 43 30 28
4945 4040 143 45 Sgr.!!!

4224 4096 43 5 —
4293 4077 121 44 Guſt.
4442 4080 189 42 Schwab,
4662 4084 129 41 Dichter
4818 4086 269 43 Griechenlands,

4224 4126 19 30 2.
4277 4123 95 40 Bde,
4416 4127 41 32 18
4501 4127 144 45 Sgr.l!!!
4689 4151 38 5 —
4764 4132 322 37 Thomson’s

4224 4169 263 42 Seasens,
4525 4177 20 29 3³
4584 4175 141 45 Sgr.!!!
4764 4197 44 6 —
4845 4178 125 49 Jung
5014 4191 72 33 gen.

4224 4214 225 49 Stilling’s
4477 4219 115 41 Werke,
4620 4225 21 31 4
4667 4224 92 40 Bde.,
4787 4235 45 33 gr.
4848 4226 71 34 Vct.
4934 4236 42 25 m.
4991 4227 91 41 Bild,

4222 4264 44 31 56
4303 4263 172 42 Sgr.!!!
4498 4259 50 66 —.
4573 4267 118 42 Buch
4730 4272 70 36 der
4839 4270 128 51 Welt
5016 4276 66 32 und

4220 4306 270 46 Illuſtrirtes
4517 4311 313 44 Familienbuch
4871 4319 59 33 mit
4964 4320 118 42 Kunſt⸗

4223 4353 138 34 blättern
4388 4366 32 23 u.
4448 4356 156 43 Stahlſt.,
4640 4370 47 33 gr.
4711 4364 44 38 4.,
4791 4365 43 31 22
4861 4363 151 44 Sgr.!!!
5038 4386 42 5 —

4221 4397 249 45 Brockhaus
4530 4403 294 45 Converſations⸗
4842 4410 128 44 Lexicon

4804 4458 44 30 40
4873 4457 100 43 Thle.,
5019 4469 61 25 nur

4219 4491 20 30 2
4266 4489 89 42 Thlr.
4381 4495 43 30 22
4450 4492 151 45 Sgr.!!!
4626 4515 44 5 —
4694 4498 281 43 Hartmann’s
4994 4504 86 35 Geo⸗

4219 4534 84 43 logie
4329 4537 60 33 mit
4415 4537 101 36 vielen
4537 4540 144 41 Abbild.,
4710 4546 98 39 1860,
4830 4555 63 26 nur
4914 4543 164 53 8Sgr.!!!

4219 4579 116 43 Deſſen
4362 4582 383 48 Verſteinerungskunde,
4768 4590 121 43 ebenſo,
4905 4595 19 30 8
4938 4588 139 53 Sgr.!!!

4219 4626 115 43 Deſſen
4373 4629 235 45 Mineralogie,
4649 4635 122 41 ebenſo,
4810 4639 20 30 8
4856 4634 84 53 Sgr.
4958 4641 49 34 !1!
5033 4660 43 5 —

4217 4671 88 41 Der
4331 4674 152 47 Pilger
4510 4678 119 45 durch
4664 4680 63 38 die
4761 4680 135 46 Welt,
4935 4685 140 36 Samm⸗

4218 4721 79 42 lung
4325 4722 50 34 der
4401 4723 99 41 beſten
4530 4724 155 45 Beiträge
4711 4728 242 47 Erzählungen,
4984 4734 90 43 Skiz⸗

4216 4774 63 32 zen,
4316 4767 160 42 Romane,
4519 4770 168 42 Novellen,
4724 4775 147 36 Gedichte
4896 4788 38 24 ꝛc.
4958 4790 39 24 ꝛc.
5024 4782 48 32 der

4215 4811 99 41 beſten
4328 4813 162 43 deutſchen
4503 4815 234 46 Schriftſteller,
4763 4824 41 30 13
4822 4817 253 60 (Dreizehn)

4216 4857 96 43 große
4351 4860 222 37 Quartbände
4614 4866 59 33 mit
4714 4867 249 42 Kunſtblätterie
5007 4876 67 32 und

4213 4904 135 38 vielen
4369 4906 223 44 tauſenden
4606 4911 206 45 Abbildgen.,
4842 4915 231 46 zuſammen

4214 4959 64 26 nur
4303 4953 45 32 80
4373 4952 142 44 Sgr.!!!

4258 4993 180 46 Zahlreiche
4465 5001 111 35 directe
4603 5001 38 43 fr.

4212 5043 126 35 erbittet
4363 5045 49 35 die

4210 5100 74 69 D.
4315 5100 60 72 J.
4419 5101 376 97 Polaek’ſche
4834 5111 237 95 Export

4233 5195 475 96 Buchhandlung,
4731 5203 314 96 Hamburg.

4207 5299 311 111 Warnung.
4570 5313 59 42 Im
4658 5315 154 45 Intereſſe
4840 5322 53 33 des
4918 5323 148 43 geehrten

4570 5360 197 40 Publikums
4817 5373 133 29 warnen
5010 5378 58 29 vor

4208 5402 58 32 den
4307 5401 66 47 jetzt
4413 5403 101 41 öfters
4564 5408 266 38 vorkommenden
4872 5410 193 53 Annoncen,

4206 5449 66 32 aus
4320 5449 131 38 welchen
4501 5450 286 53 Concurrenz,
4837 5457 111 42 Neid
4999 5466 66 33 und

4207 5488 225 63 Misgunſt
4458 5497 133 42 deutlich
4619 5501 243 46 herausſpricht,
4897 5516 63 26 nur
4985 5510 81 40 wir

4666 5002 124 38 Ordres
4812 5008 74 38 nach
4900 4998 171 58 Hamburg

5030 4413 71 34 der

5204 3128 65 61 Die
5294 3113 441 83 „Vacanzen⸗Liſte“,
5772 3149 161 46 (Zeitung
5975 3153 50 43 für

5157 3184 231 40 ſtelleſuchende
5416 3188 158 40 Lehrer
5610 3194 77 34 aller
5723 3195 125 42 Fächer,
5895 3198 126 37 Gou⸗

5157 3238 266 34 vernanten,
5445 3234 212 46 Commis,
5678 3240 269 44 Buchhalter
5974 3258 50 33 ꝛc.,

5157 3276 314 49 Oekonomen,
5511 3280 319 53 Forſtbeamte,
5858 3287 164 53 Wirth⸗

5155 3323 350 45 ſchafterinnen,
5555 3331 182 44 Aerzte,
5781 3334 240 42 Cameral⸗

5154 3372 66 31 und
5266 3366 513 61 Communal⸗Beamte,
5829 3380 190 52 Apothe⸗

5153 3416 86 40 ker,
5269 3416 246 46 Chemiker,
5543 3423 244 46 Techniker,
5817 3426 201 55 Muſiker,

5153 3458 367 55 Lithographen,
5560 3471 291 44 Werkführer
5847 3467 40 53 in
5940 3481 77 35 allen

5153 3509 170 38 Branchen
5338 3521 39 26 ꝛc.
5392 3523 49 30 ꝛc.,
5461 3514 186 45 überhaupt
5671 3521 31 33 in
5767 3524 89 33 allen
5886 3521 131 50 höheren

5152 3554 303 48 Berufszweigen),
5509 3562 148 42 erſcheint
5705 3566 92 44 jeden
5849 3566 167 57 Dienstag

5149 3601 221 47 Nachmittag,
5414 3609 68 32 und
5525 3611 98 35 weist
5672 3614 237 45 ausſchließlich
5953 3625 62 30 und

5150 3658 106 33 genau
5299 3652 93 34 alle
5434 3653 125 44 offenen
5596 3658 129 36 Stellen
5772 3665 88 40 nach,
5912 3669 103 38 welche

5150 3696 106 40 ohne
5282 3696 248 50 Vermittelung
5558 3711 65 28 von
5651 3704 302 47 Commiſſionären
5980 3725 34 33 zu

5148 3743 154 42 vergeben
5330 3743 150 45 ſind.
5474 3739 27 62 —
5517 3749 160 43 Offene
5705 3755 193 38 Stellen
5928 3760 85 37 bittet

5145 3797 78 25 man
5252 3792 196 44 dringendſt,
5477 3795 118 43 behufs
5622 3795 216 60 koſtenfreier
5853 3795 161 60 Aufnahme

5144 3836 312 43 mitzutheilen.
5465 3832 25 60 —
5501 3842 79 35 Das
5617 3846 325 42 Abonnement
5968 3857 45 34 bei

5144 3880 152 40 franco
5322 3884 203 48 Zuſendung
5566 3891 127 44 beträgt
5742 3902 61 34 pro
5844 3900 17 31 1
5893 3900 119 36 Monat

5144 3929 15 29 1
5189 3928 103 42 Thlr.,
5337 3931 68 43 (für
5443 3936 20 30 3
5491 3936 126 36 Monat
5656 3949 63 27 nur
5746 3945 20 30 2
5792 3943 110 44 Thlr.)
5938 3955 67 28 vom

5141 3973 88 45 Tage
5271 3979 51 32 der
5365 3978 189 48 Beſtellung
5598 3984 228 46 abgerechnet,
5878 3993 33 34 in
5961 3996 47 34 der

5141 4019 216 42 Expedition:
5401 4027 82 33 beim
5524 4029 231 39 Buchhändler
5792 4035 59 40 A.
5888 4037 118 42 Rete⸗

5138 4074 139 36 meyer
5303 4069 33 34 in
5366 4070 182 45 Berlin,
5576 4075 125 43 Kurſtr.
5728 4083 55 31 50.

5184 4111 325 46 Abonnements
5545 4125 127 33 werden
5700 4125 52 42 für
5778 4128 225 46 Hannover

5137 4161 65 31 und
5240 4161 186 45 Umgegend
5466 4175 241 35 angenommen
5713 4157 40 58 in
5808 4178 52 33 der
5888 4175 112 53 Exped.

5135 4204 51 33 der
5213 4205 165 47 „Zeitung
5406 4209 53 44 für
5485 4212 337 47 Norddeutſchland."

5180 4296 89 56 Für
5279 4292 104 69 eine
5403 4302 343 55 Keſſelſchmiede
5786 4316 84 36 und
5899 4315 89 41 Ma⸗

5133 4342 305 59 sſchinenfabrik
5464 4351 44 38 in
5537 4355 116 37 einer
5678 4356 165 41 kleinen
5861 4356 133 57 Stadt

5132 4393 104 36 Wird
5277 4403 66 28 ein
5393 4401 123 40 guter
5551 4399 226 43 Techniker
5825 4403 172 55 geſucht.

5132 4434 428 57 Franco⸗Adreſſen
5609 4449 104 41 sub
5752 4452 66 35 H.
5861 4455 51 34 &
5946 4456 51 37 N

5130 4478 69 42 N№̈.
5218 4486 104 34 240
5344 4489 175 51 nehmen
5539 4493 393 42 Haasenstein
5954 4502 45 45 g

5139 4528 198 41 Vogler
5361 4543 44 28 in
5432 4535 132 44 Ham
5584 4540 130 46 burg
5742 4546 237 48 entgegen.

5172 4621 68 43 Für
5275 4624 50 33 ein
5354 4624 188 53 Colonial⸗,
5571 4630 203 45 Porzellan⸗
5800 4641 69 32 und
5896 4638 101 54 Kurz⸗

5127 4669 270 43 waarengeſchäft
5434 4673 34 33 in
5496 4674 85 36 einer
5618 4676 68 42 ſehr
5722 4682 162 44 lebhaften
5914 4689 88 39 Pro⸗

5125 4714 204 43 vinzialſtadt
5357 4718 82 33 wird
5477 4720 60 38 auf
5559 4722 116 41 Oſtern
5713 4728 50 33 ein
5790 4729 207 51 Lehrling

5125 4760 134 43 geſucht.
5320 4762 164 46 Gefällige
5518 4767 147 42 Offerten
5706 4773 92 36 bittet
5834 4787 78 26 man
5949 4791 44 24 an

5125 4807 47 34 die
5199 4808 197 43 Expedition
5432 4811 97 43 dieſer
5561 4814 144 47 Zeitung
5740 4814 97 43 unter
5866 4818 134 57 Chiffer

5126 4851 56 38 4.
5216 4852 15 15 Z.
5298 4854 135 43 frankirt
5457 4869 37 33 zu
5521 4859 126 42 ſenden.

5146 4944 128 95 Für
5320 4939 638 111 Dandwurmpatienten.

5166 5050 123 33 Durch
5320 5054 94 32 mein
5446 5055 37 32 in
5516 5056 245 38 Deutschland
5785 5065 211 36 rühmlichst

5120 5094 198 36 bekanntes
5336 5100 115 33 Mittel
5476 5103 112 33 treibe
5613 5106 68 41 ich,
5707 5108 58 33 bei
5781 5109 212 38 abnehmen-

5120 5140 76 34 dem
5222 5144 140 42 Monde,
5382 5146 105 42 jeden
5514 5149 210 36 Bandwurm
5750 5155 131 35 binnen
5905 5163 13 29 2
5939 5161 55 34 bis

5119 5190 21 30 4
5165 5188 156 36 Stunden
5347 5193 169 34 schmerz
5534 5198 71 32 und
5623 5200 180 41 gefahrlos
5819 5205 174 35 vollstän-

5120 5235 60 42 dig
5205 5236 55 34 ab.
5308 5238 171 35 Dasselbe
5504 5242 46 33 ist
5575 5244 58 32 für
5658 5248 20 30 3
5696 5247 111 42 Thlr.,
5833 5251 37 32 in
5895 5253 96 33 hart-

5117 5282 176 44 näckigen
5317 5285 125 34 Fällen
5475 5287 58 34 für
5570 5292 22 31 4
5616 5292 98 33 Thlr.
5747 5305 72 24 von
5853 5299 67 33 mir
5950 5311 42 23 zu

5116 5327 188 45 beziehen;
5331 5330 88 36 doch
5428 5345 95 23 muss
5537 5335 111 43 Alter,
5668 5339 240 39 Constitution
5925 5350 65 36 eto.

5116 5372 59 35 des
5200 5376 187 35 Patienten
5411 5391 119 32 genau
5554 5383 205 37 bezeichnet
5783 5387 155 51 werden.

5156 5420 165 46 Voigft,
5350 5426 84 33 Arzt
5445 5438 42 23 zu
5505 5429 260 45 Croppenstädt
5780 5431 209 69 (reussen)

1454 7961 297 51 Pferdeſtraße
1774 7970 78 42 10,
1891 7971 60 35 .
1967 7973 197 49 Rimne,
2189 7978 118 38 Sader.
2592 7974 269 47 HSHannover,
2901 7980 232 49 Striehlſtraße
3160 7988 29 33 1.

3296 5535 238 44 Lichtenberg
3587 5540 60 35 mit
3670 5542 147 42 Kupfern
3845 5551 62 27 von
3932 5544 220 47 Chodowieki,

3296 5585 19 30 8.
3343 5582 93 43 Bde.,
3472 5586 43 31 60
3577 5588 109 42 Sgr.
3654 5578 48 63 ¹!
3725 5607 39 6 —
3793 5589 144 46 Haunff,
3981 5596 41 30 15
4049 5594 101 43 Thle.,

3296 5631 42 30 60
3365 5629 145 43 Sgr.
3469 5625 67 61 1!½
3552 5651 45 6 —
3638 5630 192 48 Kotzebne
3865 5636 141 40 ſämmtl.
4031 5640 119 42 Werke,
4202 5640 101 40 ganz
4343 5643 130 30 neuen

4205 5540 125 37 allein
4368 5540 67 43 find
4476 5546 91 35 durch
4595 5547 56 33 den
4679 5548 220 39 bedeutenden
4923 5555 140 44 Export⸗

4203 5584 118 46 Umſatz
4360 5588 34 34 in
4436 5590 58 35 den
4531 5591 114 35 Stand
4690 5590 122 55 geſetzt,

4524 5639 128 45 ☚
4678 5641 233 46 8Exemplaren,
4955 5650 107 42 wofür

4869 5600 121 38 Bücher
5027 5604 34 36 in

3294 5676 43 31 50
3363 5674 93 41 Bde.,
3485 5669 22 65 7
3545 5678 89 40 Thlr.
3662 5682 42 30 10
3729 5680 138 44 Sgr.!!!
3894 5703 43 6 —
3959 5684 118 45 Panl
4104 5688 47 42 de
4246 5687 30 26 er
4308 5680 26 34 i
4372 5690 35 78 r
4445 5685 67 33 und
4544 5688 137 78 ⁸½
4722 5690 94 87 ein
4847 5694 98 39 ken
4984 5691 78 62 bil⸗
5465 5691 99 44 in

3293 5721 144 38 Kock’s
3464 5722 161 41 Romane,
3653 5728 42 30 62
3721 5727 93 41 Bde.,
3841 5739 46 34 gr.
3914 5730 85 40 Oct.,
4026 5734 17 31 3
4059 5732 90 45 Thlr.
4221 5734 87 36 liger
4362 5737 15 26 (oft
4440 5739 72 34 zum
4566 5756 8 9 4.
4597 5736 99 35 —–10.
4733 5737 96 43 Theil)
4864 5741 53 37 als
4944 5744 117 40 andere
5173 5741 86 70 G
5666 5756 40 20 „N

3293 5769 43 31 26
3363 5767 138 44 Sgr.!!
3527 5789 45 29 —
3596 5770 237 42 Marriat’s
3859 5776 104 44 beſte
3987 5777 160 43 Romane,
4200 5767 317 67 Buchhandlungen,
4543 5786 38 34 zu
4607 5781 174 54 expediren.
4831 5780 233 55 Nichtcon⸗
5264 5753 596 90 eestemünd

3295 5815 40 30 15
3362 5814 93 40 Bde.,
3491 5824 47 35 gr.
3565 5819 82 38 Oct.,
3684 5828 64 25 nur
3774 5824 19 29 2
3819 5821 90 43 Thlr.
3938 5825 42 31 28
4006 5823 141 46 Sgr.!’
4197 5822 247 37 venirendes
4470 5824 80 34 wird
4578 5825 229 48 bereitwilligſt
4827 5837 230 43 umgetauſcht
5106 5828 105 54 halte
5243 5847 126 35 einem
5401 5843 177 52 geehrten
5612 5850 195 52 reiſenden
5843 5855 140 52 Publi⸗

3294 5878 39 6 —
3360 5859 72 38 Boz
3478 5861 165 44 (Dickens)
3670 5864 116 43 Werke,
3812 5869 43 31 37
3883 5869 93 42 Bde.,
4004 5880 46 34 gr.
4074 5872 178 45 Oct.
4394 5867 91 54 Das
4536 5872 240 53 unbedeutende
4824 5878 107 41 Porto
4974 5886 81 36 wird
5104 5888 89 46 kum
5227 5892 149 56 beſtens
5409 5902 218 53 empfohlen

3293 5892 59 61 mit
3377 5870 170 80 Zpf
3583 5919 62 25 nur
3679 5914 20 30 6
3734 5912 89 37 Thlr.
3855 5917 43 30 20
3935 5916 143 44 Sgr.¹¹½
4101 5939 47 5 —
4196 5911 238 44 größtentheils
4471 5917 90 38 durch
4597 5920 48 34 die
4680 5921 174 39 bekannten
4880 5926 176 46 Gratis⸗

3292 5949 185 49 Arago’s
3517 5954 125 43 Reiſen,
3680 5960 120 40 neueſte
3834 5960 103 44 Aufl.,
3976 5972 48 34 gr.
4061 5965 85 44 Oct.,
4194 5954 197 49 Zugaben
4418 5963 124 43 gedeckt.

3291 6006 62 26 nur
3379 6001 44 31 14
3448 5998 141 46 Sgr.!!!
3614 6021 43 6 —
3683 6003 262 49 Macanlay,
3973 6008 173 47 Seſchichte

5293 5954 291 96 Ceorge
5621 5951 310 97 Ebrechl.
5967 6081 5 3 M

3777 6123 270 83 Einladung
4086 6147 103 59 zum
4229 6135 323 69 Abonnement

4091 6224 72 55 auf
4190 6226 60 44 die

3457 6277 514 124 Wochenſchrift
4037 6296 118 95 des
4223 6297 652 117 Nationalvereins.

3456 6414 86 44 Mit
3573 6417 85 43 dem
3693 6419 39 41 1.
3766 6421 168 51 Januar
3964 6426 107 44 1861
4105 6426 161 59 beginnt
4307 6439 74 41 das
4415 6440 277 50 Abonnement
4731 6450 63 52 für
4836 6456 72 41 das
4952 6469 93 33 neue

3570 6473 58 44 Es
3663 6478 157 53 verſteht
3864 6480 62 56 ſich
3961 6493 77 34 von
4074 6488 116 53 ſelbſt,
4235 6491 72 51 daß
4341 6496 56 42 die
4431 6497 192 60 Richtung
4658 6507 62 42 der
4748 6504 297 69 Wochenſchrift

3284 6466 196 47 Quartal.

3285 6528 260 43 unverändert
3579 6531 144 47 bleiben
3757 6538 111 42 wird.
3959 6541 268 63 Vereinigung
4273 6553 62 41 der
4374 6555 240 54 geſammten

3285 6583 313 66 diplomatiſchen
3643 6592 207 46 Gewalten
3896 6596 39 44 in
3979 6600 100 44 einer
4120 6605 168 56 einzigen
4331 6610 130 52 Hand,
4510 6615 63 45 Wi

3285 6642 433 63 Geſammtpertretung
3752 6652 62 41 der
3847 6656 189 51 deutſchen
4072 6662 163 50 Nation,
4285 6671 210 47 wachſame
4529 6675 48 43 W

3284 6698 82 53 haft
3398 6703 189 48 deutſchen
3620 6704 219 59 Intereſſen
3884 6714 214 54 gegenüber
4146 6723 83 41 dem
4273 6723 197 55 Ausland,
4522 6731 60 45 En

3283 6757 185 50 verkehrte
3498 6759 357 60 Staatsmaximen
3888 6773 248 51 gebundenen
4168 6780 216 54 politiſchen
4420 6790 79 41 und
4534 6793 50 40 wi

3282 6817 66 41 des
3383 6816 156 52 Volkes,
3583 6820 252 60 Beſeitigung
3869 6828 105 51 eines
4021 6831 210 62 unberechti

3282 6871 233 55 Regiments
3547 6887 43 43 zu
3624 6879 172 50 Gunſten
3832 6884 101 45 einer

3280 6932 100 50 vinz,
3415 6932 212 45 Gemeinde
3662 6939 78 42 und
3773 6941 165 56 Genoſſe

3944 6947 164 53 nſchaft:
4139 6976 58 11 —
4237 6958 71 41 das
4356 6962 67 40 ſind
4456 6973 49 31 na

3281 6987 111 51 lichen
3425 6988 238 56 Zielpunkte,
3697 6997 130 52 welche
3860 7003 72 42 das
4343 6957 40 52 8
4512 6964 33 51 H

3491 7047 56 9 ‚„lpr
3968 7004 137 57 Organ
4141 7012 67 40 des
4243 7014 190 52 deutſchen
4464 7023 95 43 Nati

3373 7102 13 10 „
3450 7047 300 59 Einſendungen
3786 7056 60 51 für
3878 7061 57 42 die
3967 7064 304 58 Wochenſchrift,
4318 7075 131 50 welche
4482 7080 54 43 im

3281 7104 234 56 anſtändigſt
3548 7107 178 51 honorirt
3758 7118 163 48 werden,
3974 7122 105 43 bittet
4120 7136 93 32 man
4250 7140 57 37 an
4354 7134 69 42 den
4472 7137 94 53 Her

3281 7160 44 43 B).
3361 7160 36 43 L.
3431 7171 95 58 von
3562 7165 193 49 Rochau
3787 7172 39 43 in
3861 7174 327 62 Heidelberg,
4223 7185 43 53 zu
4300 7188 150 51 richten.

3439 7219 87 45 Die
3559 7223 290 59 Wochenſchrift
3880 7232 95 45 kann
4009 7236 109 54 durch
4152 7241 71 43 alle
4256 7239 302 70 Poſtanſtalten,

3279 7275 247 47 Buchhandel
3561 7281 159 56 bezogen
3750 7291 170 41 werden.
3982 7293 82 44 Der
4097 7297 312 56 vierteljährliche
4436 7309 168 48 Abonne

3277 7346 48 28 an
3353 7334 85 65 Ort
3477 7339 79 64 und
3601 7339 125 52 Stelle
3759 7344 53 42 10
3843 7347 101 56 Sgr.
3979 7354 87 42 oder
4097 7354 54 42 36
4184 7357 59 47 kr.,
4287 7361 53 43 im
4374 7364 135 52 Thurn
4552 7384 50 31 un

3277 7390 122 68 gebiet
3430 7397 79 39 und
3541 7407 54 31 im
3628 7397 250 56 Buchhandel
3911 7406 105 58 12½
4052 7409 102 59 Sgr.
4190 7419 86 44 oder
4307 7419 57 48 45
4394 7424 48 43 kr.
4521 7428 74 56 Im

3277 7450 147 54 beträgt
3457 7453 62 60 der
3551 7453 204 62 Aufſchlag
3789 7461 100 45 beim
3921 7464 153 60 Bezuge
4106 7473 108 51 durch
4248 7475 57 44 die
4337 7478 93 57 Poſt
4463 7483 82 44 100

3278 7505 112 49 Blatt
3422 7509 86 43 dort
3539 7512 81 52 alſo
3651 7513 56 48 20
3738 7518 101 56 Sgr.
3873 7522 88 43 oder
3978 7501 27 79 1
4048 7526 41 50 fl.
4124 7528 53 48 12
4208 7531 48 43 kr.
4290 7529 122 67 koſtet.

3400 7565 239 60 Inſerate,
3681 7575 130 55 welche
3843 7579 56 44 bei
3931 7581 63 45 der
4026 7584 58 48 die
4114 7586 120 56 Ziffer
4263 7591 115 49 5000
4409 7610 21 30 n

3279 7623 227 52 nentenzahl
3537 7628 67 42 des
3637 7629 156 48 Blattes
3826 7637 56 41 die
3916 7640 160 50 weiteſte

3276 7679 116 43 lands
3424 7681 141 54 finden,
3599 7690 147 42 werden
3781 7694 73 42 mit
3883 7693 147 59 2Sgr.
4060 7704 88 40 oder
4162 7689 26 74 3
4231 7707 48 43 kr.
4311 7710 63 49 für
4407 7716 55 41 die

3274 7738 19 66 z
3318 7728 154 116 ſanft
3535 7734 65 117 auf
3657 7748 50 99 f
3743 7747 147 56 Inhalt
3922 7755 66 43 des
4023 7755 157 49 Blattes
4213 7764 97 49 nicht
4341 7782 43 41 zu
4430 7774 59 43 bee

3271 7807 119 40 jedem
3425 7809 104 43 irgend
3590 7810 177 43 ſtärkeren
3840 7818 261 43 Zuſammenflu
4260 7824 30 22 J

3271 7853 96 43 blatt
3402 7855 239 57 beigegeben.
3806 7808 78 58 Zu
4048 7817 80 57 ſliß
4160 7828 77 38 pon
4257 7828 211 56 Fuffrate

3362 7914 310 59 Coburg,
3705 7919 54 45 im
3793 7922 212 51 December
4039 7932 120 47 1860.

4579 7153 21 32 a

4495 7720 102 54 dopp

4496 7776 102 46 inträ

4581 6616 312 73 ederherſtellung
4941 6633 103 44 einer

4583 6677 153 59 ahrung
4780 6683 91 46 aller
4913 6691 128 54 wahr⸗

4590 6736 198 59 tfeſſelung
4834 6747 62 41 der
4931 6750 108 53 durch

4400 6845 5 7 M
4591 6797 291 53 rthſchaftlichen
4905 6805 136 55 Kräfte

4158 6842 166 59 ſchtigten
4362 6843 348 60 büreaukratiſchen
4754 6869 21 31 u

3965 6892 226 58 vernünftig
4224 6898 249 54 aufgefaßten
4503 6906 340 67 Selbſtregierung
4877 6921 39 43 in
4939 6923 99 49 Pro⸗

4580 6971 72 41 wie
4686 6983 70 32 vor
4790 6977 56 42 die
4882 6981 156 53 weſent⸗

4568 7028 250 47 gnalvereins
4852 7040 184 56 verfolgt.

4570 7082 107 54 Falle
4711 7091 63 41 der
4808 7091 227 57 Aufnahme

4562 7484 180 79 Proeent,
4778 7499 38 49 ſo
4850 7502 74 52 daß
4958 7507 75 45 das

4256 7587 9 75 1⁵
4406 7599 148 64 nahezu
4595 7609 256 50 erreichenden
4895 7618 135 47 Abon⸗

4109 7644 259 65 Verbreitung
4402 7667 37 31 in
4475 7664 77 39 und
4595 7666 74 49 auß

4504 7836 57 45 ein
4596 7840 226 55 beſonderes
4841 7846 186 67 Anzeige⸗

3567 7985 86 57 Die
3689 7989 270 68 Expedition
3982 8003 71 71 der
4089 8003 320 81 Wochenſchrift
4443 7992 74 86 des
4555 8019 400 85 Nationalvereins.

5190 6091 326 64 Königliches
5553 6104 332 55 Hoftheater.

5149 6159 182 56 Dienstag,
5344 6167 31 31 8.
5391 6166 84 42 Jan.
5503 6174 69 39 (13.
5588 6173 104 45 Vorſt.
5714 6176 40 35 im
5770 6169 29 42 H.
5814 6180 162 47 Abonn.):

5100 6204 218 44 Adrienne
5355 6214 280 43 Lecouvreur.
5710 6223 132 37 Drama
5878 6229 35 35 in
5953 6234 21 32 5

5101 6254 99 34 Acten
5251 6261 64 31 aus
5367 6261 69 35 dem
5472 6263 240 47 Franzöſiſchen
5762 6279 66 28 von
5863 6275 37 36 T.
5927 6277 45 35 G.

5099 6299 202 42 Herrmann.

5305 6397 457 63 Thalia⸗Theater.

5138 6457 189 65 Mittwoch,
5356 6468 31 30 9.
5414 6468 83 41 Jan.
5525 6474 70 39 (54.
5614 6470 101 59 Vorſt.
5736 6480 41 34 im
5800 6481 170 44 Abonn.):

5099 6505 118 57 Eine
5233 6509 136 56 kleine
5392 6512 248 57 Erzählung
5666 6525 107 42 ohne
5788 6525 181 44 Namen.

5099 6548 149 63 Luſtſpiel
5287 6567 34 26 in
5352 6563 15 29 1
5396 6561 70 43 Act,
5504 6574 64 28 von
5596 6570 139 36 Görner.
5808 6571 161 54 Hierauf:

5095 6594 294 64 Dienſtboten.
5443 6610 150 46 Luſtſpiel
5621 6616 31 33 in
5682 6620 14 29 1
5719 6618 68 42 Act,
5815 6629 66 28 von
5902 6624 64 35 Be⸗

5095 6649 103 52 nedix.
5256 6651 85 43 Zum
5369 6654 147 46 Schluß:
5551 6659 98 40 Das
5687 6658 278 61 Verſprechen

5096 6693 198 46 hinter’m
5328 6699 149 48 Heerd.
5549 6706 193 47 Alpenſcene
5779 6714 34 35 in
5852 6719 16 30 1
5897 6709 69 58 Act,

5094 6749 64 26 von
5190 6742 199 41 Baumann.

5105 6823 5 6 d
5138 6783 236 66 Donnerstag,
5397 6798 53 32 10.
5470 6797 84 43 Jan.
5584 6803 69 41 (55.
5671 6793 101 63 Vorſt.
5796 6806 45 36 im
5865 6810 101 42 Ab.):

5092 6833 222 58 Precioſa.
5389 6843 194 46 Schauſpiel
5624 6849 60 36 mit
5721 6852 132 47 Geſang
5895 6858 67 33 und

5093 6881 87 46 Tanz
5206 6893 34 25 in
5259 6889 12 29 5
5295 6888 113 44 Acten,
5434 6899 65 27 von
5526 6894 103 44 Wolf.
5699 6898 107 47 Muſik
5832 6909 63 28 von
5922 6902 39 36 C.

5092 6927 48 34 M.
5161 6937 38 46 v.
5225 6931 126 38 Weber.
5424 6938 170 44 Precioſa
5618 6962 36 7 —
5689 6945 114 44 Fräul.
5829 6948 132 45 Hoff⸗

5088 6976 193 45 meiſter,
5310 6983 54 33 als
5392 6983 173 46 Gaſtrolle.

4658 6565 269 56 militäriſchen
4963 6576 100 42 und

4782 6862 50 40 nd
4875 6862 165 56 Polizei⸗

5306 7098 425 94 Inſerate

5207 7245 11 14 .
5258 7190 4 7 d
5397 7253 22 14 ſ
5449 7197 64 50 für
5546 7200 59 43 die

5095 7244 250 84 „Zeitung
5371 7251 80 76 für
5469 7253 479 85 Norddeutſchland“

5090 7330 153 41 werden
5287 7330 64 66 für
5388 7333 169 58 Kaſſel
5602 7347 80 39 und
5729 7345 224 53 Umgegend

5088 7395 75 32 nur
5211 7386 115 45 allein
5376 7393 112 54 durch
5537 7400 56 42 die
5645 7402 146 55 dortige
5832 7401 121 50 Buch⸗

5088 7442 206 59 handlung
5364 7458 79 36 von
5499 7455 76 47 G.
5628 7455 323 51 HWünltlten-

5085 7497 249 62 berger
5365 7510 164 45 erbeten.

5142 7559 74 44 Bei
5243 7564 66 43 der
5336 7568 145 54 großen
5503 7570 264 61 Verbreitung
5794 7576 156 51 unſeres

5085 7615 162 48 Blattes
5299 7625 177 47 auch
5446 7611 61 73 in
5525 7627 179 53 Kaſſel
5752 7636 78 40 und
5878 7637 68 38 den

5084 7672 358 67 Grenzlanden
5470 7683 144 46 können
5645 7689 72 43 wir
5745 7692 72 41 mit
5836 7691 112 49 Recht

4618 7148 246 53 usgeber,
4909 7152 124 56 Herrn

4610 7259 37 51 ſo
4694 7262 71 45 wie
4810 7267 111 55 durch
4966 7274 69 44 den

4611 7323 240 49 mentspreis
4887 7329 150 57 beträgt

4612 7377 18 39 d,
4665 7377 225 58 Taxisſchen
4924 7387 111 56 Poſt⸗

4624 7428 410 75 Poſtvereinsgebiete

4677 7671 129 48 erhalb
4849 7676 182 54 Deutſch⸗

4604 7726 194 58 eiſpaltige
4832 7732 198 60 Petitzeile
5083 7735 216 53 verſichern,
5347 7737 73 53 daß
5466 7744 61 39 der
5561 7741 127 54 Zweck
5720 7749 66 41 des
5813 7746 187 55 Inſe⸗

4606 7785 163 53 chtigen,
4830 7791 98 46 wird
4972 7798 55 45 bei
5080 7799 131 38 renten
5261 7798 109 48 durch
5419 7799 173 51 dasſelbe
5643 7814 65 32 am
5760 7800 208 62 ſicherſten

5079 7850 124 55 erzielt
5235 7853 112 46 wird.

5138 7907 294 53 Hannover.

5421 7968 103 54 Die
5556 7972 325 63 Expedition.

5230 8056 153 64 Den
5403 8062 78 50 den
5502 8052 114 85 PWild.
5620 8062 319 62 Mieriſcheider.
