6005 8388
0 4436 17 4553 2 — —
0 4716 24 4745 na
0 4754 25 4792 je
0 4800 25 4838 nd
0 4857 25 4885 or
195 2701 1476 2764 den Beſuch des Prinzen Amadeus von Italien empfangen.
327 983 1305 1044 Dieſe Zeitung erſcheint täglich, Mittags, außen
462 1035 908 1075 3 Sonntag.
334 1101 1305 1156 ſbonnements reis „ierteljährlich praenumerando
326 1219 1303 1282 In ertign . ann e eſpaltene Petit⸗Zeile oder
598 1267 1020 1312 zeren Raum 11 ¼ Br.
2686 1125 3237 1209 Hannover.
2369 1292 3575 1341 Haupt⸗Expedition, Kedaction und Buchdruckerei, Georgſtraße 3.
4736 929 5587 979 Agenturen zur Annahme von Anzeigen ꝛc.:
4987 974 5319 1022 General⸗Agentur:
4572 1018 5715 1070 Hamburg u. Frankfurta. M.: Haasenstein & Vogler
4572 1072 5350 1126 Berlin: A. Retemeyer, Kurſtraße 50.
4573 1122 5044 1160 Bremen: E. Schlotte.
4572 1168 5321 1218 Harburg: Elkan'ſche Buchhandlung.
4571 1214 5584 1266 Kaſſel: G. Württenberger, Buch⸗ u. Kunſthandl.
4573 1260 5372 1306 Leipzig: H. Engler's Annoncenbureau.
4573 1307 5524 1349 Paris: E. Bernau. 29 Rue des bons Enfants.
244 1382 405 1396 ——
322 1411 885 1540 r 5090.
1130 1572 1471 1595 EeeER e weeHh
1300 1576 1305 1583 8
1295 1592 1312 1601 8
1090 1602 1264 1613 r A.
748 1659 1326 1696 „ 8 „de s. *
279 1662 1488 1769 Telegraphiſche Depeſchen.
311 1776 1537 1842 * London, (Dienstag) 12. Sept. Abends. Nach weiteren
231 1830 1538 1904 pr. Belgian eingetroffenen Berichten aus Newyork vom
231 1885 1538 1961 2, d. Abends haben die Gläubiger Ketchum's einen Vergleich
231 1951 1538 2022 auf Höhe von 60 Procent angenommen. Für die falſchen
230 2005 1183 2080 Checks iſt keine Verguͤtung bewilligt worden.
316 2064 1538 2135 Nach Berichten aus Mexiko haben die Kaiſerlichen am 12.
228 2123 1539 2197 Auguſt Hermoſilla beſetzt und damit alle Wege in das Innere
228 2177 1538 2248 der Provinz Sonora geöffnet. Die unter dem Commando
226 2240 1539 2308 Pesquiera's ſtehende republikaniſche Armee hat ſich den Kai⸗
225 2290 1539 2369 ſerlichen angeſchloſſen. Pesquiera befindet ſich auf der Flucht.
312 2355 1541 2425 * Paris, (Dienstag) 12. Sept. Der „Moniteur“ be⸗
224 2407 1540 2480 richtet über den Gegenbeſuch den die ſpaniche Königsfamilie
230 2465 1539 2543 geſtern in Biarritz dem Kaiſerpaare abgeſtattet hat. Die
222 2527 1533 2595 Königin traf um 3 Uhr Nachmittags ein. Die Zuſammen⸗
223 2581 1532 2652 kunft war ſehr herzlich. Die Abreiſe erfolgte um 10 1½ Uhr
221 2643 1528 2702 Abends. Am Sonntag hatten der Kaiſer und die Kaiſerin
306 2755 1526 2819 Der italieniſche Prinz Amadeus wird heute früh hier
224 2833 403 2873 erwartet.
301 2866 1523 2940 General Lamoriciere iſt auf ſeinem Schloſſe Proncel ge⸗
216 2924 1526 2999 ſtorben. (Derſelbe entſtammt einer legitimiſtiſchen Familie,
213 2986 1528 3053 wurde zu Nantes am 5. Febr. 1806 geb., ging 1835 mit
217 3040 1357 3110 nach Algerien und wurde 1843 General⸗Lieutenant.)
496 3145 1199 3164 —.— ———— —— —
323 3203 1422 3275 » Der ſchleswig⸗holſteinſche Verein in Erlaugen
215 3270 1529 3344 hat ſeine alle 14 Tage ſtattfindenden regelmäßigen Sitzungen
216 3334 1521 3399 am 7. September wieder aufgenommen, und zwar in An⸗
214 3390 1528 3462 weſenheit von wenigſtens 900 Mitgliedern. Daß der Erlan⸗
1391 1592 1578 1621 s. es —
1600 1605 2911 1680 V affen er Kriegsknechte und die Federn der Diplomaten, beide im
1600 1672 2916 1718 Dienſte desſelben machthaberiſchen Willens, ſie ſollen allein über der
1601 1716 2914 1764 Völker Geſchick entſcheiden, während die Völker ſelbſt nur das Recht
1602 1811 2915 1859 Federn zu bezahlen. (Bewegung.) So meint man es in Wien und
1601 1858 2911 1901 Berlin und an vielen andern Orten Deutſchlands möchte man den
1601 1950 2915 1998 fälligen Knechtſchaft bezahlen. Wollen wir dieſen Gelüſten begegnen,
1601 2040 2914 2093 kommt, ob dies der Grundzug im Geſichte unſerer Zukunft ſein ſoll,
1602 2087 2916 2135 oder ob wir hoffen dürfen, den jetzt uns misachtenden freieren Völ⸗
1602 2135 2915 2180 kern noch einſt mit dem Stolze der Ebenbürtigkeit ins Auge zu
1601 2179 2917 2228 ſchauen. Dazwiſchen haben wir zu wählen. Doch nein, was wäre
1600 2227 2915 2279 da noch erſt zu wählen? Wir haben, ſo ſage ich in Ihrem Namen,
1600 2272 2913 2320 wir haben ſchon gewählt. Dann heißt es aber auch heute, wie vor
1600 2319 2750 2364 anderthalb Jahren: Nur vorwärts, vorwärts und — durch!
1685 2367 2913 2419 Zum Schluß ſprach der auf der Durchreiſe von der Ver⸗
1600 2425 2915 2478 ſammlung des 36er⸗Ausſchuſſes in Leipzig anweſende Abge⸗
1602 2483 2914 2530 ordnete Dr. Brater über die Gründe, aus denen der
1599 2542 2913 2591 deutſche Abgeordnetentag bisher nicht beruſen worden und
1598 2597 2936 2649 über die Erwartungen, welche man an ſeinen Zuſammentritt
1599 2652 2914 2712 in Frankfurt knüpfen könne. In letzter Beziehung ſagt der
1603 2718 1765 2756 Redner:
1665 2761 2911 2821 Es giebt gewiß einen Punkt, in dem alle diejenigen einig ſind,
1595 2813 2912 2859 welche den Sinn für Recht und Freiheit ſich bewahrt haben, mögen
1593 2859 2911 2906 ſie ſonſt in der deutſchen Frage der einen oder anderen Richtung
1591 2905 2915 2952 folgen. Es wird nicht die Aufgabe der Abgeordnetenverſawmlung
1594 2951 2913 2998 ſein, darüber einen Ausſpruch zu thun was zu geſchehen hätte, wenn
1592 2998 2914 3046 einer ſchleswig⸗holſteinſchen Landesverſammlung die Frage vorgelegt
1593 3044 2913 3090 würde: wie wollt ihr euer Verhältniß zu Preußen geſtalten? Es
1592 3089 2915 3136 wird nicht die Aufgabe der Frankfurter Verſammlung ſein, einer
1591 3136 2914 3183 ſolchen ſchleswig⸗holſteinſchen Landesverſammlung zu ſagen: entweder
1589 3180 2910 3228 ihr müßt, um eurer Pflicht zu genügen, eurer Pflicht gegen Deutſch⸗
1593 3227 2907 3276 land zu genügen, in Preußen aufgehen, oder ihr müßt wenigſtens
1592 3273 2909 3325 euren Staat in den allerengſten Verband mit dem preußiſchen Staat
1594 3319 2912 3370 ſetzen, oder auch: ihr dürft keines von beiden thun, ihr müßt jedes
1591 3365 2914 3414 Zugeſtändniß an Preußen abweiſen. — Das ſage ich, darf nicht die
1591 3407 2912 3463 Aufgabe der Frankfurter Verſammlung ſein. Aber es giebt noch einen
1596 3458 2913 3503 andern Geſichtspunkt, und das iſt meines Erachtens der einzige, den
217 3445 1525 3522 ger Verein eine Thätigkeit hat entfalten können, welche das
217 3505 1532 3578 Intereſſe an der Sache in der ganzen Stadt und ſelbſt über
219 3560 1531 3634 dieſe hinaus lebendig erhielt, hat freilich ſeinen Grund darin,
221 3617 1564 3691 daß die Univerſität dem Vereine ausgezeichnete Kräfte für
225 3677 1529 3750 ſeine Wirkſamkeit ſtellt. Aber anderen deutſchen Städten
221 3737 1563 3807 fehlt es an ähnlichen Kraͤften nicht, und doch iſt faſt überall
223 3790 1533 3862 die Thätigkeit der ſchleswig⸗holſteinſchen Vereine eingeſchlafen.
223 3849 1531 3920 Wenn dieſe Thatſache die Beharrlichkeit des Erlanger Vereins
223 3906 1566 3980 um ſo löblicher macht, ſo iſt ſie um ſo bedauerlicher als
220 3963 1534 4038 Zeugniß von dem ſchwachen politiſchen Ernſt im deutſchen
217 4020 1535 4092 Volke. — Mit einem Hinweis darauf, daß die Vereinsthä⸗
218 4078 1531 4154 tigkeit nicht ohne Bedeutung, nicht ohne Einwirkung auf die
218 4135 1531 4210 Entſcheidung der Geſchicke Schleswig⸗Holſteins ſei, eröffnete
214 4192 1529 4267 Conſiſtorialrath Dr. Ebrard die Sitzung, indem er zugleich
219 4249 1527 4329 die bedrohliche Lage der Herzogthümer mit dem ſchrecklichen
222 4305 1531 4382 Ende eines Studenten der hieſigen Univerfität aus Schles⸗
222 4364 1529 4442 wig⸗Holſtein verglich. Wie dieſer, zwiſchen zwei Eismaſſen
225 4419 1533 4498 eingeklemmt, dahinſtarb, ſo ſehe man die Herzogthümer mit
223 4478 1536 4554 ihrem warmen Leben auch eingepreßt zwiſchen der eiskalten
225 4532 1536 4614 Politik zweier ſelbſtſüchtigen Großmächte. Nach Eröffnung
225 4590 1537 4664 der Sitzung erſtattete der Kaſſirer des Vereins Hr. Schmidtill
227 4652 1539 4720 einen Bericht, aus dem wir hervorheben, daß die Einnahme
228 4708 1542 4777 des Vereins ſich auf 20,156 fl. 32 kr., die Ausgaben auf
229 4766 1534 4842 19,089 fl. 11 kr. belaufen. Darauf machte Rechtsrath Dr.
226 4818 1538 4900 Papellier Mittheilungen aus Briefen angeſehener Schles⸗
222 4875 1534 4956 wig⸗Holſteiner. Sie klagen über die Bedrängniſſe, denen ſie
218 4939 1535 5016 preisgegeben werden, aber fie ſprechen auch die feſte Zuver⸗
221 4993 1534 5072 ſicht aus auf den endlichen Sieg ihrer gerechten Sache:
221 5055 1532 5129 dieſe ſei zugleich die Sache Deutſchlands, welches trotz Alle⸗
222 5109 1531 5187 dem nicht dem Bismarck ſchen Syſtem verfallen werde. Aber
223 5168 1535 5241 die Gefahr ſei, daß Bismarck gegen eine mäßige territoriale
223 5222 1533 5301 Vergrößerung Preußens ſich nicht ſcheuen werde, ſelbſt Theile
223 5281 1535 5361 Deutſchlands fremden Mächten hinzugeben. Die nationale
220 5344 1529 5411 Maske, die doch Manchen täuſche, müſſe ihm abgeriſſen wer⸗
222 5402 1532 5467 den. — Der Landtagsabgeordnete Profeſſor v. Hofmann
227 5456 1534 5529 hielt dann einen längern Vortrag über die Lage, in welche
230 5517 1534 5593 Schleswig⸗Holſtein durch die Salzburger Convention gerathen
229 5574 1535 5647 iſt. Der Redner verkennt nicht die Verſchlimmerung dieſer
229 5626 1538 5704 Lage, vertraut aber auf die Schleswig⸗Holſteiner, daß ſie ſich
232 5691 1536 5754 nicht wie eine Heerde Schafe, welche dem gehört, der die
229 5745 1535 5818 letzte Hand auf ſie legt, werden behandeln laſſen. Er ſchließt
232 5825 599 5869 mit den Worten:
299 5853 1533 5921 In den Handen der Schleswig⸗Holſteiner liegt auch heute noch
226 5879 1538 5968 iör Geſchick ban aber wollen ihnen die Hände ſtärken! Handelt
1596 3503 2911 3551 die Frankfurter Verſammlung ins Auge zu faſſen hat. Ich kann
1560 3549 2909 3597 hier wiederholen, was ich in Leipzig geſagt habe: es darf nach meiner
1561 3596 2912 3645 Ueberzeugung keinem deutſchen Volke oder Volksſtamm die Zumuthung
1561 3641 2910 3691 gemacht werden, über ſein Schickſal von fremden Mächten entſcheiden
1561 3689 2910 3736 zu laſſen, ſo oder ſo, ohne ſeine Mitwirkung und Einwillignng; und
1593 3734 2913 3781 es darf ebenſowenig einem freiheitsliebenden Volksſtamm die Zu⸗
1591 3781 2910 3829 muthung gemacht werden, ſich einem Staate anzuſchließen, in dem
1593 3825 2913 3875 das Regiment gehandhabt wird, das gegenwärtig in Preußen herrſcht.
1592 3871 2904 3917 Das iſt der Punkt m. H. in dem wir einig ſein können, gleichviel
1593 3912 2910 3970 welcher Partei wir angehören, und das iſt der Ausſpruch in dem ſich,
1594 3964 2844 4012 wie ich glaube, auch die Frankfurter Verſammlung einigen wird.
1663 4011 2906 4057 Es iſt, meine Herren, uns zuweien geſagt worden von den unbe⸗
1592 4057 2895 4105 dingten Anhängern der Bismarck'ſchen Politik: ihr ſprecht ſtets nur
1593 4102 2911 4149 vom Selbſtbeſtimmungsrecht des ſchleswig⸗holſteinſchen Volks und
1592 4147 2910 4192 ſtellt das über alles andere; müßt ihr denn nicht zugeben, daß das
1593 4194 2910 4240 ſchlesw.⸗holſteinſche Volk ſelber nur der Theil eines größern Ganzen
1591 4240 2911 4289 iſt, und daß der Wille und das Bedürfniß dieſes größereu Ganzen
1592 4286 2911 4334 auch für das einzelne Glied beſtimmend ſein muß? wie könnt ihr
1594 4331 2915 4379 alſo, wenn einmal angenommen werden muß, daß eine enge Ver⸗
1596 4376 2914 4426 bindung der Herzogthümer mit Preußen dem nationalen Intereſſe
1595 4424 2910 4472 entſpricht und von ihm gefordert wird, wie könnt ihr mit der Be⸗
1595 4471 2913 4517 rufung auf das Selbſtbeſtimmungsrecht der Herzogthümer dem ent⸗
1599 4515 2914 4565 gegentreten wollen? Darauf läßt ſich wol zweierlei antworten, ein⸗
1599 4560 2913 4605 mal und vor Allem daß es ja höchſt zweifelhaft iſt, ob in der That
1600 4606 2913 4651 ein nationales Intereſſe die Art der Einigung fordert, die von der
1601 4649 2913 4696 Bismarck'ſchen Politik erſtrebt wird. Auch Diejenigen, welche es ſehr
1600 4696 2909 4742 ernſtlich und aufrichtig mit der Wohlfahrt des preußiſchen Staates
1599 4740 2914 4789 meinen, können demungeachtet der Anſicht ſein, daß die Wohlfahrt
1599 4786 2913 4833 dieſes Staates auf dem Wege der Bismarck'ſchen Politik mit nichten
1600 4832 2912 4880 gefördert wird, und die wärmſten Anhänger der deutſchen Einheit
1595 4878 2914 4925 können der feſten Ueberzeugung ſein, daß auf dem Wege der Bis⸗
1597 4924 2913 4973 marckſchen Politik nun und nimmermehr die deutſche Einheit erreicht
1598 4969 2912 5017 wird. Davon aber abgeſehen, es iſt gewiß wahr und unläugbar,
1597 5014 2910 5067 daß nicht das einzelne Glied das Recht hat, allein und für ſich zu
1596 5062 2912 5111 entſcheiden, wo es ſich um die Jatereſſen des Ganzen handelt. Hier
1597 5108 2906 5157 haben die Organe des Ganzen vor allem das Recht und die Pflicht,
1594 5149 2908 5211 ihr entſcheidendes Wort in die Wagſchale zu legen, und wenn es ſich
1596 5200 2910 5251 alſo um die Intereſſen Deutſchlands in Bezug auf die Herzogthümer
1597 5246 2914 5299 handelt, ſo iſt die deutſche Nation mitberufen, ein entſcheidendes Wort
1598 5289 2912 5349 mitzuſprechen. Aber wo iſt denn die legitime Vertretung der Nation,
1597 5339 2914 5389 der wir die Aufgabe zuweiſen könnten, dieſes Wort im Namen der
1596 5384 2912 5434 Nation rechtmäßig zu ſprechen? Das deutſche Parlament wäre das
1597 5430 2911 5485 Organ, dem in dem jetzigen Augenblick der Beruf zukäme, gemeinſam
1595 5475 2910 5524 mit dem Oberhaupt der deutſchen Nation, es möchte gebildet ſein
1596 5523 2911 5574 und heißen wie es wolle, Recht zu ſprechen über die Ordnung der
1597 5568 2912 5619 ſtaatlichen Dinge in Schlesw.⸗Holſtein, ſo weit ſie das nationale
1598 5615 2911 5668 Intereſſe berühren — aber das Parlament iſt nicht da, das Oberhaupt
1597 5661 2909 5709 der deutſchen Nation iſt nicht da, und Niemand ſoll uns doch ſagen,
1597 5707 2910 5761 daß die öſterreichiſche Regierung und Herr v. Bismarck die Befugniß
1597 5754 2911 5807 hätten, im Namen der deutſchen Nation den Herzogthümern vorzuſchreiben,
1600 5799 2913 5848 was ſie im deutſchen Intereſſe zu thun und zu laſſen verpflichtet
1598 5846 2913 5898 wären! Alſo dieſer Einwand, den man unſerer Behauptung des
1598 5892 2914 5944 Selbſtbeſtimmungsrechts entgegenhält, zerfällt in Nichts, ſo lange wir
229 5952 1532 6021 es ſich doch um unſer Geſchick nicht minder, als um das ihre. Die
231 6033 629 6076 2. rNrlasses. s ene,b:
232 6070 592 6088 ———
769 6024 1158 6044 e E S AreM
976 6051 1218 6061 4 —
649 6053 1080 6073 —.,— — ———
617 6170 1158 6234 — Zwei Verbindungen.
234 6246 1540 6313 Nach dem Engliſchen von Clara Schwanthaler und H. Beta
763 6324 1013 6370 (Fortſetzung.)
787 6404 991 6449 Kapitel X.
715 6468 1043 6513 Unerwartet.
322 6538 1539 6610 So ſtanden ſie lange, Keiner brach das Schweigen. Die
235 6588 1540 6666 Nacht war ſtill und milde, man hörte nichts als die Muſik
236 6655 1541 6723 vom Ballſaale her und ein leiſes Rauſchen der Blätter in
234 6711 1544 6783 den Büſchen. Aber Schweigen iſt oft beredter als alle Sprache
237 6769 1544 6839 und in ſolchen Augenblicken bedarf es keiner Rede. Jeder
237 6830 1543 6892 der beiden hier neben einander Stehenden kannte genau des
233 6884 1541 6962 Anderen Gedanken, ohne daß jemals ein Wort von Liebe
235 6947 1541 7017 gewechſelt worden. Lord Lynn fühlte Aurelia's zitternden
234 7001 1541 7074 Arm auf dem ſeinigen und begann zuerſt: „Aurelia, ich bat
235 7064 1540 7129 Sie, mir hierher zu folgen, weil ich Ihnen allein etwas
231 7124 1134 7194 ſagen wollte. Können Sie es errathen?“
319 7178 1543 7239 Keine Antwort. Ihr Kopf war abgewandt und ſie blickte
233 7243 1453 7307 ſchweigend in den dunkeln Garten hinaus. . .
327 7295 1540 7358 „Ich muß mein Schickſal erfahren, Aurelia, muß wiſſen,
234 7354 1541 7417 ob mein Herzenswunſch erfüllt werden kann. Längſt ſchon
230 7411 1540 7472 wollte ich mit Ihnen reden, aber die Furcht zurückgewieſen
227 7465 1543 7538 zu werden, ſchreckte mich ab. Es iſt die alte, alte Geſchichte
231 7528 1543 7588 Aurelia, die ſich täglich in der Welt wiederholt. Ich liebe
237 7580 1542 7644 Sie — habe Sie ſchon lange geliebt. Können auch Sie
232 7646 1365 7705 mich lieben? wollen Sie mein, mein Weib werden?“
319 7703 1543 7765 Lord Lynn ſprach dies haſtig, in gedämpftem, zitterndem
233 7762 1543 7823 Tone, jenem wunderbaren Tone, den die Menſchen im Augen⸗
235 7818 1543 7880 blicke höchſter Erreguug unberauſcht annehmen und der noch
235 7881 928 7940 mehr ſagt, als die Worte ſelbſt.
322 7933 1544 7990 Wäre ein Lauſcher in der Nähe geweſen, ſo hätte er
231 7992 1543 8056 jedes Wort vernehmen können; aber ſie waren allein. Laut⸗
231 8050 1545 8117 los lag der Garten da, ſelbſt das Säuſeln der Blätter hatte
232 8124 438 8178 aufgehört.
1475 6030 1590 6044 ,.
1309 6051 1576 6061 ——
1597 5950 1611 5985 k
2193 6029 2321 6049 —V—V—V
1731 6044 1844 6053 eweee
1726 6059 2914 6124 och ſtand Aurelia abgewandt und ſchwieg. Mochte ihr
1600 6123 2912 6179 Triumph über Lord Lynn's Erklärung auch ein noch ſo gro⸗
1565 6176 2913 6262 b ßer ſein, ſo mußte ſich dennoch ein bitterer Tropfen hinein⸗
1566 6239 2909 6301 miſchen. Warum ruhete ihre eiſig kalte Hand ſo ſchwer in
1567 6294 2912 6355 der ihres Anbeters, warum überrieſelte ſie im Augenblicke
1603 6348 2908 6423 höchſten Glückes ein Schauer, warum murmelte ſie faſt angſt⸗
1601 6410 2911 6465 voll das Wort „Weib?“ Einen Augenblick zauderte ſie, die
1599 6467 2911 6531 Hand anzunehmen, nach der ſie geſtrebt hatte; aber der Hafen
1601 6527 2910 6586 der Ruhe, der ſich ihr aufthat, war ſo ſonnig, ſo lachend,
1600 6578 2910 6645 ſo ſicher. — Hatte ſie jemals Unrecht gethan, ſo konnte ſie
1603 6646 2480 6703 ſich jetzt vor weiterm Unrecht bewahren.
1688 6697 2910 6759 Wieder nahm Lord Lynn beklommen das Wort: „Ich
1602 6755 2909 6817 weiß“ ſagte er, „daß ich Ihrer nicht würdig bin. Ich habe
1603 6813 2908 6872 die beſten Jahre meiner Jugend unnütz verbracht, bin ruhe⸗
1602 6870 2908 6935 los umhergewandert, ohne meine Kraft und meine Fähigkeiten
1599 6930 2908 6991 zu nützen. Jetzt hoffte ich in meiner eigenen Heimath, an
1599 6982 2910 7051 Ihrer Seite, Aurelia, durch Sie unterſtützt, das Verlorene
1600 7038 2907 7112 nachzuholen und meinem Vaterlande von einigem Nutzen zu
1601 7102 2909 7166 ſein. Ich ſehe, es war ein Traum — Sie lieben mich
1602 7161 2707 7219 nicht — Sie halten mich Ihrer nicht würdig“ —
1694 7216 2913 7275 „Still“ ſagte Aurelia, ſich ſchnell zu ihm wendend, mit
1601 7273 2913 7334 wirklicher Bewegung und gebrochener Stimme, „nicht dieſe
1602 7332 2914 7394 Worte, ſie bedruͤcken mich. Sie ſind werth, mehr zu erhal⸗
1602 7398 2151 7453 ten, als ich geben kann.“
1691 7454 2284 7509 „So fühlen Sie für mich?
1600 7515 1979 7571 Darf ich hoffen?“
1691 7568 2733 7628 „Ja, wenn es Sie wirklich glücklich macht, ja.“
1687 7621 2915 7690 Lord Lynn umſchlang ſie; er zog ſie zu ſich und gab ihr
1600 7679 2915 7744 die füßeſten Liebesnamen. „Sein eigen, ſein ſchönes, pracht⸗
1604 7751 2672 7807 volles Weib!“ .
1686 7794 2915 7861 Aber plötzlich erblaßte Aurelia, als ſähe ſie ein Geſpenſt,
1602 7855 2910 7918 und nach dem Garten zeigend, rief ſie änglich: „Da, da!“
1600 7912 2912 7977 Im ſelben Augenblicke blitzte es aus dem Gebüſche auf und
1601 7972 2801 8037 ein Piſtolenſchuß folgte. Aurelie ſiel ächzend zur Erde.
1688 8030 2915 8096 Lord Lynn ſprang von der Terraſſe hinunter, um den
1602 8087 2918 8159 Mörder zu ergreifen, aber die dunkle Geſtalt war in den
2354 7441 2913 7498 Liebes theures Mädchen?
1603 1762 2947 1812 haben ſollen, in ſtummer Unterwürfigkeit dieſe Waffen und dieſe
1600 1903 3560 1951 Sieg dieſer Meinung nicht ungern mit einer nur nicht gar zu augen⸗ —
2945 1942 4305 2002 paſſive Widerſtand gegen jede ungerechte Zumuthung: Ver⸗
1601 1995 2949 2044 Schleswig⸗Holſtein iſt der Kampfplatz, auf welchem zur Entſcheidung
1614 5938 2913 5988 ein rechtmäßiges Organ haben, das die Verpflichtung des einzelnen
2432 1411 3492 1501 Mittwoch den 13. September
2974 1627 4311 1674 Landes, gegenüber dem Intereſſe des Ganzen feſtſtellen könnte. In
2975 1673 4309 1722 dieſer Lage muß dem politiſchen Gewiſſen der Herzogthümer ſelbſt die
2979 1720 3590 1765 Entſcheidung überlaſſen werden.
3065 1768 4308 1820 Von den Herzogthümern — führt der Redner ſchließlich
2978 1828 4308 1878 aus — könne eine Auflehnung mit bewaffneter Hand nicht
2975 1885 4305 1935 erwartet werden. Ein großes Verlangen ſchon wäre der
2978 2000 4303 2055 weigerung der Steuern, der Huldigung, der Rekrutenſtellung.
2977 2057 4302 2109 Doch nur dieſe Energie werde es den Herzogthümern mög⸗
2978 2115 4300 2165 lich machen, die Zumuthungen eines fremden Gewalthabers
2979 2174 3214 2222 abzulehnen.
3064 2231 4300 2281 Wir zweifeln nicht, die Herzogthümer werden beweiſen,
2976 2287 4298 2338 daß ſie nicht die in materieller Behaglichkeit verſumpfte,
2977 2345 4298 2396 gegen alle höhere Güter gleichgültige Maſſe ſind, als welche
2975 2403 4296 2453 ſie der Berliner Oberbürgermeiſter und die annexionsluſtige
2976 2456 4298 2515 Preſſe innerhalb und außerhalb Preußens gern verrufen. Be⸗
2976 2518 4297 2568 ſorgter aber ſind wir dafür, daß das deutſche Volk ſeine
2977 2576 4296 2626 Pflicht und Schuldigkeit nicht thun werde. Es wird nicht
2977 2631 4293 2683 genügen, daß es in Volksverſammlungen und Abgeord⸗
2975 2692 4296 2741 netentagen ſeine Stimme erhebe, ſein „Gut und Blut“ ver⸗
2973 2749 4290 2799 ſpreche, ſondern es wird wenigſtens mit dem „Gut“ einigen
2974 2805 3402 2856 Ernſt zeigen müſſen.
3477 2871 4251 2916 e,2. A Aabcbläte weerew Vs—
3270 2926 4014 3025 Deutſchland.
3012 3046 4292 3099 „ Berlin, 12. Sept. Die Haltung Napoleon's
2974 3106 4290 3158 in der ſchleswig⸗holſteinſchen Frage wird von den annexioniſti⸗
2973 3163 4290 3214 ſchen Blättern mit der größten Aufmerkſamkeit verfolgt und
2952 3221 4293 3272 jede leiſeſte Aeußerung Frankreichs in Betreff jener Frage mit
2973 3279 4289 3330 verhaltenem Athem belauſcht. Fällt eine ſolche zu Gunſten
2973 3337 4291 3387 der preußiſchen Annexion, ſo wird ſie mit heiligem Eifer laut
2974 3393 4293 3444 allem Volke verkündet. Wie kläglich muß es doch um eine
2974 3451 4290 3501 Sache ſtehen, in der man ſich ſo abhängig fühlt von der
2973 3509 4289 3560 Gnade des Auslandes, von dem Wink eines Napoleon! Trotz⸗
2973 3566 4290 3617 dem wird zugleich mit dem Säbel geraſſelt und mit den
2975 3625 4292 3677 Spitzkugelgewehren renommirt, als könue man die ganze
2974 3681 4287 3730 Welt in die Taſche ſtecken, ſobald es beliebt. An
2973 3740 4281 3790 dieſem „Hangen und Bangen“ der Schleswig⸗Hol⸗
2973 3797 4289 3847 ſtein liebenden Seelen nehmen nicht nur die in Demuth dem
2974 3853 4285 3904 Bismarckerthum dienenden liberalen Blätter innigen Antheil
2971 3910 4294 3962 fondern auch die ſtolzen Genoſſen der Bismarck'ſchen Siege,,
2973 3968 4289 4017 die treuen Verfechter der Legitimität, die Verächter jedes Em⸗
2973 4027 4288 4077 porkömmlings, die kreuzzeitunglichen Helden. Sie alle, die
2973 4084 4290 4133 Liberalen wie Feudalen, welche das Recht Schleswig⸗Holſteins
2975 4137 4290 4198 beugen wollen, tragen ſchon die Strafe dafür mit der Furcht
2977 4199 4288 4247 vor der fremden Strafruthe in ſich. Schwerlich wird dieſe
2953 4256 4289 4308 ſich gemildert haben, als das Bismarck'ſche Organ folgenden
2977 4313 4290 4365 Satz, der in einer unter Wien mitgetheilten Notiz der
2979 4370 4316 4421 „N. Fr. Pr.“ ſeine Beſtätigung und zugleich ſeine Erläute⸗
2976 4430 3641 4480 rung findet, mittheilen konnte:
3040 4483 4290 4529 In den verſchiedenſten Blättern und unter den verſchiedenſten
2974 4528 4291 4575 Formen finden wir die Behauptung aufgeſtellt, daß die Cabinette
2974 4575 4290 4619 der Tuilerien und von St. James bei Entgegennahme der Mitthei⸗
2974 4619 4288 4665 lung der Gaſteiner Convention den proviſoriſchen Charakter derſelben
2976 4663 4291 4708 conſtatirt und ſich ihre Haltung zu dem Definitivum vor⸗
2976 4710 4287 4756 behalten hätten. Ein belgiſches Journal bringt ſogar den
2975 4754 4287 4803 angeblichen Text eines angeblichen Circular⸗Schreibens,
2973 4797 4287 4851 welches Herr Drouin de Lhuys an die diplomatiſchen Agenten Frank⸗
2976 4847 4288 4894 reichs im Auslande erlaſſen haben ſoll, von dem wir geſtern nach
2971 4893 4287 4938 der „Patrie“ einen Auszug brachten. Alle dieſe Dinge ſind erfun⸗
2972 4939 4287 4984 den. Die beiden Regierungen haben einfach Act von der Benach⸗
2972 4981 4288 5032 richtigung genommen und keinerlei Kritik oder Erörterungen über
2972 5031 3394 5076 die Convention geubt.
3057 5080 4286 5132 (Eine officiöſe Verdrehung.) Die „Nordd. Allg.
2975 5138 4284 5191 Ztg.“ nimmt die Miene an, als ob der Todtſchlag des
2974 5196 4281 5246 Grafen Eulenburg an ſich und nicht vielmehr das Verhalten
2971 5254 4285 5303 der Juſtiz in dieſer Sache den Grund zu Anklagen gegen die
2971 5310 4283 5360 preußiſche Regierung gebe. Mit ſolcher Verdrehung der Sache
2972 5368 3840 5416 kann ſie dann freilich mit Recht fragen:
3040 5423 4279 5468 Wenn wir die grauenhaften Mordthaten, die in den letzten Wo⸗
2970 5468 4282 5514 chen den Boden Englands beſudelten, zu Angriffen gegen das Cabi⸗
2970 5515 4283 5561 net Lord Palmerſton's benutzen wollten, würde man dies mit Recht
2971 5561 4284 5605 lächerlich finden; und wenn Jemand aus dem Theaterkrawall in
2970 5607 4281 5653 Lyon Folgerungen auf das in Frankreich herrſchende Syſtem ziehen
2970 5652 4283 5697 wollte, ſo würde die franzöſiſche Preſſe nicht einen Augenblick an⸗
2968 5699 4284 5743 ſtehen, dies für eine Abſurdität zu erklären. Und doch ſehen wir die
2970 5742 4284 5789 franzöſiſchen und engliſchen Blätter täglich ſich dieſer Lächerlichkeit
2970 5790 4282 5837 ſchuldig machen, täglich dieſe Abſurdität begehen, indem ſie einen
2970 5836 4279 5885 gewiß beklagenswerthen, aber allen politiſchen Beziehungen fern
2970 5882 4283 5929 ſtehenden Vorfall, eine Schlägerei in Bonn, zum Motiv ihrer An⸗
2971 5930 3530 5979 griffe gegen Preußen machen.
2970 6058 4288 6108 Gebüſchen verſchwunden. Dann eilte er zu Aurelia zurück,
2971 6115 4286 6165 hob ſie auf und redete in den zärtlichſten Worten zu der
2969 6169 4285 6224 regungsloſen Geſtalt, die er für todt hielt. Er trug ſie
2967 6230 4282 6280 durch die Zimmer, wo ihm die durch den Schuß erſchreckten
2969 6288 4281 6337 Gäſte und Dienſtboten ſchon entgegeneilten; aber er ſprach
2967 6346 4277 6394 kein Wort, gab keine Auskunft, bis er den Ballſaal erreicht
2967 6401 4077 6453 und ſeine Bürde auf ein Sopha niedergelegt hatte.
3053 6456 4279 6514 Ein allgemeines Aufbrauſen der Stimmen und dann
2965 6518 4281 6570 plötzlich tiefes Schweigen. Todt, wirklich todt? — Wie ſchön,
2966 6575 4277 6626 wie königlich lag ſie da in dem weißen Atlaskleide, auf dem
2966 6631 4281 6684 ſich einige Blutſpuren zeigten! Das druckende Schweigen der
2967 6687 4278 6745 Verſammlung wurde nur durch Mr. Darcy's kraftloſes
2968 6751 3497 6800 Schluchzen unterbrochen:
3053 6806 4276 6856 „Mein Kind, mein einzige Tochter, mein gemordetes Kind!“
3060 6864 4282 6915 „Laßt mich durch, laßt mich ſchnell herein, vielleicht iſt
2968 6922 4282 6973 noch Rettung möglich, vielleicht iſt es gar nicht gefährlich⸗—
2968 6979 4283 7031 mit dieſen Worten brach Dr. Gillies, der einzige anweſende
2966 7037 4281 7091 Arzt, ſich Bahn durch die Menge. „Nein, nicht todt!“ ſagte
2966 7095 4282 7148 der Arzt. „Ich kann keine ſchwere Wunde finden; der
2968 7153 4282 7204 Nacken iſt allerdings durch den Schuß verletzt, aber durchaus
2969 7209 3894 7264 nicht gefährlich. Sie iſt nur ohnmächtig.“
3055 7266 4283 7316 Aurelia ward auf ihrem Sopha an das offene Fenſter
2970 7323 4281 7379 gerollt und der friſche Luftzug und das Anfeuchten ihres
2970 7380 4284 7435 Geſichts mit kaltem Waſſer wirkten bald wohlthätig. Sie
2969 7439 4282 7494 ſchauerte zuſammen, bewegte die Arme und öffnete mit einem
2970 7502 3748 7553 Seufzer die Augen. G
3060 7554 4088 7610 „Wo bin ich? Was iſt — Biſt Du es, Papa?
2970 7614 3551 7668 krank geweſen, glaube ich.“
3056 7670 4283 7725 Sie verſuchte ſich aufzurichten und bemerkte nun die
2970 7729 4287 7782 Blutstropfen auf ihrem Kleide. Schaudernd ſagte ſie: „Ach,
2970 7786 4282 7842 ich weiß jetzt — das Geſicht —“ und die Sinne ſchwanden
2971 7850 3345 7898 ihr auf’'s Neue.
3057 7902 4284 7957 George Darcy, der ſonſt ſo ſcheinbar kalte Mann, weinte
2971 7960 4285 8014 und küßte die Hände ſeines Kindes, das nur wunderbar dem
2972 8019 4288 8072 Grabe entriſſen war. Lord Lynn ſtand mit bleichem Ange⸗
2971 8078 4286 8136 ſichte neben dem Sopha und verwandte kein Auge von
4129 7535 4284 7603 Ich bin
4442 1406 5621 1580 1 r1865.
4337 1584 4420 1590 22 .
4458 1629 5695 1686 Bei einer ſolchen Täuſchung der Leſer über den alleinigen
4371 1681 5694 1754 Klagepunkt der auswärtigen, wie deutſchen Preſſe wird man
4370 1744 5695 1799 ſicherlich geneigt ſein, mehr „Dichtung als Wahrheit“ in der
4369 1801 5691 1855 Erzählung zu finden, welche das genannte Blatt über den
4367 1860 5690 1925 Vorgang bringt — eine Erzählung, die zu ſehr an die Be⸗
4368 1919 5696 1972 richte des Auditeurs Splittgerber über die berüchtigte Glo⸗
4368 1975 5695 2030 gauer Scandalgeſchichte erinnern. Die Erzählung, welche
4368 2032 5691 2087 ſich das Bismarck'ſche Blatt angeblich aus Bonn ſchreiben
4371 2089 4631 2134 läßt, lautet:
4431 2140 5689 2202 Am 4. Auguſt, ſpät in der Nacht, begaben ſich der Student
4362 2190 5693 2245 Graf Eulenburg, der bei dem in Bonn garniſonirenden Königs⸗
4360 2236 5684 2290 Huſaren⸗Regiment als einjähriger Freiwilliger ſeiner Militärpflicht
4361 2283 5685 2336 genügt, und der Student v. B. aus einem vor dem Neuthor bele⸗
4360 2328 5683 2382 genen Wirthshauſe auf den Heimweg, während einige ihrer Freunde
4361 2373 5683 2425 noch zurückblieben, andere bereits vorausgegangen waren. In der
4359 2413 5686 2472 Nähe des Neuthors begegnete ihnen eine Anzahl Männer, welche
4359 2465 5681 2516 anſcheinend im Streite begriffen waren und an welche ſie heran⸗
4358 2512 5678 2566 traten, um ſich zu überzeugen, ob etwa einige ihrer Freunde, die vor
4356 2556 5682 2610 ihnen denſelben Weg eingeſchlagen, in den Streit verwickelt wären
4359 2604 4962 2648 und ihres Beiſtandes bedürften.
4428 2646 5686 2706 Daß nur dies ihre Abſicht geweſen, erwiederten ſie auch jenen
4357 2690 5678 2753 Leuten auf die Frage, was ſie begehrten, geriethen aber mit den⸗
4357 2740 5684 2791 ſelben in einen Wortwechſel, der ſehr bald heftiger wurde und dahin
4358 2787 5687 2839 ausartete, daß v. B. hinterrücks, wahrſcheinlich mit einem Stocke,
4358 2832 5682 2883 einen Schlag auf den Kopf erhielt, in Folge deſſen er niederſtürzte
4355 2878 5683 2928 und ſtark blutete. Darauf griff Graf Eulenburg nach dem Saͤbel,
4354 2925 5674 2977 den er aufgehakt an der Seite trug, wurde aber gewahr, daß der⸗
4354 2970 5685 3018 ſelbe, ſei es, daß er herausgefallen, ſei es, daß er von einem der
4355 3017 5676 3063 Gegner unbemerkt herausgezogen war, ſich nicht in der Scheide be⸗
4354 3061 5678 3117 fand, und wehrte ſich nun mit der letzteren gegen die auf ihn Ein⸗
4356 3109 5678 3161 dringenden, bis einige ſeiner Freunde hinzukamen und in Folge deſſen
4356 3155 5562 3198 ſeine Gegner fortliefen. .
4423 3201 5673 3254 Nur einer derſelben, wie ſich ſpäter herausſtellte, der aus Straß⸗
4354 3247 5676 3300 burg gebürtigte Koch Ott, der bis dahin im Dienſte des Prinzen
4353 3294 5677 3346 Alfred von England geſtanden hatte und für den Aufenthalt der
4352 3335 5670 3393 Königin von England in Schloß Roſenau engagirt war, blieb zurück.
4352 3385 5675 3434 Er blutete ſtark am Hinterkopfe und begab ſich mit einem inzwiſchen
4351 3430 5675 3479 hinzugekommenen Polizei⸗Sergeanten in die in der Nähe befindliche
4349 3477 5675 3529 Klinik, wo ſeine Wunde unterſucht und genäht und, wie man ſagt,
4353 3518 5679 3580 für nicht gefährlich gehalten wurde, wofür auch ſpricht, daß der
4353 3569 5672 3619 Verwundete nicht in der Klinik behalten, ſondern in ſeine Wohnung
4357 3614 4658 3657 entlaſſen wurde.
4375 3660 5678 3714 „Sechs Tage darauf, am 10. Auguſt, ſtarb Ott an Gehirn⸗Ent⸗
4352 3706 5677 3755 zündung. Daß dieſelbe eine Folge der Wunde geweſen, wurde nach
4352 3753 5677 3801 dem Sectionsbefunde zwar als wahrſcheinlich angenommen, das defi⸗
4351 3796 5670 3846 tive Urtheil hierüber aber von den Aerzten bis nach genauer Prü⸗
4351 3844 5677 3893 fung der Krankheitsgeſchichte vorbehalten. Wie dasſelbe ausgefallen,
4351 3889 5679 3938 iſt uns noch nicht bekannt geworden. — Die Unterſuchung war der
4351 3936 5677 3983 Vorſchrift gemäß von einer aus Militär⸗ und Civil⸗Gerichts⸗Per⸗
4350 3981 5675 4030 ſonen zuſammengeſetzten Commiſſion geführt, und iſt zu erwarten,
4355 4028 5118 4073 daß das Erkenntniß bald ergehen wird.
4422 4073 5676 4123 Noch iſt zu bemerken, daß der Säbel des Grafen v. Eulenburg
4353 4120 5680 4166 am 5 dem Regiments⸗Commando von einem Begleiter des Ott mit
4351 4167 5677 4214 der Angabe eingeſchickt worden iſt, er habe denſelben in der Nähe
4356 4211 5461 4260 des Ortes, wo ſich der Vorfall zugetragen hat, gefunden.
4443 4260 5678 4313 Wenn die „Nordd. Allg. Z.“ nun noch ſagt, daß den
4355 4317 5670 4368 Vorgang ſo, wie er hier erzählt wird, Jedermann in Bonn
4354 4373 5674 4426 kenne, ſo würde doch anderen Blättern als der „Nordd.
4354 4433 5674 4487 Allg. Z.“ auch Etwas von der allgemeinen Kenntniß zur
4352 4490 5672 4544 Kunde gekommen ſein. Was aber von der Verſicherung zu
4350 4543 5665 4602 halten iſt, daß der junge Graf Eulenburg, wenn er den un⸗
4349 4602 5666 4658 glücklichen Schlag gethan habe, der Strafe des Geſetzes ver⸗
4350 4661 5666 4715 fallen werde, gleichviel, welchen Namen er führt, gleichviel,
4351 4718 5667 4771 ob er der Verwandte eines Miniſters oder der irgend eines
4349 4772 5666 4828 andern Bürgers iſt: ſo findet dieſe Renommage mit der
4349 4831 5666 4885 preußiſchen Rechtsgleichheit ihre beſte Kritik in der Behand⸗
4349 4890 5670 4944 lung, welche der eines ſchweren Verbrechens beſchuldigte Graf
4349 4947 5672 4996 gefunden. Oder werden etwa in Preußen alle des Todt⸗
4347 5005 5661 5060 ſchlags Angeſchuldigte im Stubenarreſt und auf freiem Fuße
4350 5062 5658 5117 prozeſſirt? — Solche Heucheleien preußiſcher Gerechtigkeit
4346 5117 5503 5170 ſollte man klüglicher Weiſe gar nicht mehr verſuchen.
4433 5176 5666 5228 Die 17 Abgeordneten, welche geſtern, der Beleidi⸗
4346 5234 5664 5288 gung des Miniſteriums angeklagt, vor dem Kreisgericht zu
4345 5291 5660 5343 Mohrungen (Oſtpreußen) ſtanden, ſind freigeſprochen worden.
4345 5348 5662 5401 Die Anklage gründete ſich auf einen Wahlaufruf; und die
4345 5405 5665 5459 Angeklagten haben den Beweis der Wahrheit für die That⸗
4346 5462 5663 5517 ſachen geführt, in deren Vorhaltung die Beleidigung gegen
4345 5520 5663 5574 das Miniſterium gefunden wurde. Der Gerichtshof nahm
4346 5577 5265 5623 den Beweis der Wahrheit als erbracht an.
4429 5634 5666 5686 Der ſchleſiſche Städtetag faßte unter Anderm fol⸗
4344 5692 5661 5742 gende Beſchlüſſe: Die Handwerker⸗Fortbildungsſchulen erklärte
4342 5749 5662 5800 der Städtetag als eine dringende Communalſache, die ohne
4344 5807 5661 5858 Beanſpruchung von Staatsmitteln zu fördern ſei. Die
4345 5863 5662 5917 Städtechroniken wurden als wirkſames Mittel zur Hebung
4343 5920 5660 5976 des Gemeinſinnes empfohlen. In Betreff der Städteordnung
4917 6030 5647 6044 wnrneerrr usrwnemeng——ö
4344 6057 5665 6110 Aurelia; mit eiferſüchtiger Zärtlichkeit bewachte er ſie, aber
4343 6115 5659 6166 er ſprach außer dem tiefen „Gott ſei Dank“ nach des Doctors
4347 6175 4807 6222 Ausſpruch kein Wort.
4429 6230 5660 6282 Die Gäſte ergingen ſich in tauſendfachen Vermuthungen
4344 6287 5653 6341 über den Mordanfall und drangen auf Lord Lynn mit
4346 6347 4594 6397 Fragen ein.
4432 6400 5658 6452 „Wer konnte der Thäter ſein? Hatte er Aurelia wirklich
4342 6459 5658 6509 tödten wollen? Wie konnte ſie einen ſolchen Feind haben?
4342 6516 5660 6572 Oder war es ein Betrunkener, der im Rauſche die Piſtole
4344 6573 5441 6626 abfeuerte? oder vielleicht ein verrückter Bettler? —
4427 6632 5657 6683 Dieſe letzte Annahme, von einem der Offiziere ausgehend,
4341 6689 5659 6741 fand allgemeinen Anklang. Von Neuem ward Lord Lynn
4342 6744 5524 6798 mit Fragen beſtürmt, bis er endlich ruhig antwortete:
4432 6800 5655 6859 „Ich ſah den Mann nur flüchtig. Er ſchien ſich im Ge⸗
4342 6862 5656 6912 büſch verborgen gehalten zu haben und lief dann über den
4342 6920 5656 6972 Raſenplatz; er trug dunkele Kleider; ſein Geſicht konnte ich
4344 6978 4606 7026 nicht ſehen.“
4428 7034 5654 7085 Wieder waren alle enttäuſcht, da ſie keine genauere Be⸗
4342 7092 5652 7141 ſchreibung von dem Thäter erhielten. Aurelia, die auch Lord
4341 7149 5657 7202 Lynn's Worten gelauſcht hatte, ſank mit einem Seufzer der
4342 7206 5658 7260 Erleichterung auf das Sopha zuruck; aber darauf achtete
4345 7267 4539 7307 Niemand.
4434 7321 5658 7374 „Sie ſind ſchwach und ermattet, liebe, junge Dame, und
4343 7377 5657 7432 kein Wunder!“ ſagte Dr. Gillies. „Je eher Sie auf Ihr
4343 7433 5658 7489 Zimmer, in Ihr Bett kommen, deſto beſſer. Können Sie
4345 7496 5135 7549 gehen, oder ſollen wir Sie tragen?“
4436 7550 5657 7608 „Danke Ihnen, Dr. Gillies, ich kann ganz gut gehen.
4346 7607 5659 7661 Sie machen mich kränker, als ich bin. Es war nichts, nur
4343 7664 5658 7722 der plötzliche Schreck. Noch nie bin ich ſo weichlich geweſen
4346 7722 5659 7778 — ich habe den Tanz unterbrochen und alles zerſtört. Wie
4322 7778 5658 7829 albern von mir! Und Sie Alle find ſo freundlich. Bitte
4345 7836 5660 7893 vielmals um Verzeihung, liebe Lady Midgett“ ſagte Aurelia
4344 7895 5604 7951 lächelnd, mit einer ſchwachen Anſtrengung ſich zu erheben.
4438 7952 5658 8004 „O liebe, liebe Miß Darcy, bitte, bitte ſagen Sie nur
4345 8009 5656 8066 nichts. — Wir ſind ſo beſorgt um Sie — wir ſind ſo
4346 8066 5657 8132 glücklich, daß es gut vorübergegangen — daß Ihnen kein
