5986 8327
0 6110 6 15 o
0 6053 10 15 a
3 5989 9 27 o
0 5925 8 24 e
2 5876 9 16 o
0 5819 10 17 u
1 5755 10 28 p
0 5698 4 26 +
0 5644 4 14 —
0 5590 3 14 —

0 6394 5 28 —
0 6340 16 25 „zqé
0 6300 5 10 J
0 6227 8 30 n
0 6187 16 15 2
0 6162 6 14 2

0 6972 16 28 ——
0 6929 7 18 —
0 6845 10 40 o
6 6801 9 18 ¼

0 1289 7 13 ½
0 1215 8 37 —
0 1163 8 26 —
0 1098 9 35 ⏑
0 1047 16 30 —u6
0 999 16 26 ——
0 874 10 94 ——
0 823 7 13 „
3 781 3 13 —

67 261 13 41 *
74 199 1 13 —

180 1105 131 53 Herr

210 284 239 62 Adrianopel
493 282 217 50 verwieſen,
752 291 89 44 zum
884 273 112 64 Min.

213 347 163 54 ernannt
407 345 151 42 werden
590 341 152 49 würde;
774 337 136 66 ferner,
946 340 82 47 dap
1065 351 21 27 u
1096 332 51 75 u[⁵☛
1171 332 63 75 G☚ꝙ☚–
1240 332 52 75 ꝙNã⁰ůꝗꝙ⁸ꝙ
1327 359 57 39 L

212 406 188 54 Beyrut
431 413 92 32 vom
559 400 65 41 16.
657 398 94 44 Dec.
792 407 55 30 im
880 395 185 43 Kesruan
1107 398 58 37 die
1194 391 238 66 Maroniten
1465 403 43 39 zu

212 474 69 40 den
313 459 151 56 Waffen
507 456 182 58 gegriffen
734 455 119 47 haben
886 454 80 41 und
1008 452 101 64 nach
1130 448 158 51 Briefen
1322 451 76 61 aus
1430 447 79 44 Te⸗

213 529 115 49 beran
370 529 90 33 vom
494 517 66 41 22.
594 518 104 42 Nov.
740 513 53 42 im
826 510 209 52 Khoraſan
1080 520 59 31 ein
1173 517 115 32 neuer
1322 505 103 55 Sieg
1457 517 55 32 er⸗

211 587 144 55 fochten
388 580 155 41 worden
576 575 62 51 ſei.

694 663 339 62 Aſien.

297 759 15 17 *
346 758 93 43 Das
481 748 227 52 Reuter'’ſche
758 745 160 43 Bureau
970 736 127 55 bringt
1138 730 243 75 Nachrichten
1435 742 76 38 aus

212 817 230 44 Bombay
486 820 92 32 vom
613 805 66 41 12.
712 804 93 43 Dec.
882 797 60 52 Zu
985 794 218 64 Kurratſchi
1235 804 85 32 war
1351 805 38 31 in
1425 796 84 40 dem

212 868 267 50 Augenblicke,
522 876 61 31 wo
626 869 60 35 der
734 857 190 64 Dampfer
972 854 160 63 abging,
1167 864 63 54 ein
1259 851 135 44 Mann
1429 861 83 34 ver⸗

211 910 120 78 haftet
364 929 163 40 worden,
587 920 39 41 in
674 921 84 39 dem
799 924 58 31 ein
901 907 232 73 ehemaliger
1174 909 148 45 Diener
1369 912 140 42 Nena

214 982 216 57 Sahib’s
491 977 124 52 ſeinen
665 974 176 50 früheren
874 968 123 54 Herrn
1033 968 334 44 wiedererkannte.
1428 967 85 44 Der

215 1043 207 58 angebliche
454 1039 112 42 Nena
598 1031 131 45 Sahib
763 1037 83 34 war
889 1028 64 65 als
989 1026 235 51 Kaufmann
1260 1026 253 56 aufgetreten.

341 1098 122 54 Laing
494 1104 81 33 war
606 1091 39 39 in
679 1086 185 45 Calcutta
899 1082 264 59 eingetroffen.

567 1232 304 55 Hannover,
901 1227 40 42 6.
974 1227 178 55 Januar.

509 1303 116 49 Die
656 1296 555 63 Schwurgelrichte.

846 1366 23 44 1

305 1434 92 50 2.
434 1429 313 55 Göttingen,
796 1428 38 40 1.
882 1426 103 55 Jan.
1047 1425 77 45 Ein
1172 1426 39 43 in
1258 1430 86 40 dem
1390 1428 122 53 letzten

215 1500 105 58 Hefte
351 1496 63 41 des
446 1490 222 55 Magazins
700 1486 62 52 für
795 1484 304 51 hannoverſches
1123 1483 115 66 Recht
1279 1484 233 45 enthaltener

217 1564 76 41 und
335 1552 87 50 auch
470 1551 63 40 als
585 1546 201 52 beſondere
820 1543 211 63 Broſchüre
1082 1543 243 65 erſchienener
1366 1540 149 66 Aufſatz

221 1620 62 40 des
313 1605 460 57 Obergerichtsdirectors
878 1602 157 42 Wiarda
1040 1594 43 76 zu
1087 1600 261 66 Nienburg
1382 1598 131 64 ſpricht

220 1674 54 52 ſich
306 1668 72 43 mit
410 1662 135 60 großer
577 1659 325 53 Entſchiedenheit
936 1671 118 43 gegen
1096 1661 56 38 die
1186 1656 327 62 Schwurgerichte

217 1732 71 40 aus
329 1728 79 41 und
440 1725 144 48 fordert
624 1723 111 38 deren
770 1715 275 56 Abſchaffung.
1104 1714 54 44 Er
1197 1714 42 49 iſt
1272 1717 62 63 der
1366 1713 143 51 Beach⸗

215 1791 96 48 tung
345 1784 36 42 in
416 1781 177 43 weiteren
629 1777 155 51 Kreiſen
819 1779 133 42 werth.
1013 1772 109 48 Nicht
1154 1773 62 39 der
1235 1771 165 42 Gründe
1434 1783 76 30 we⸗

214 1857 86 43 gen,
333 1842 55 42 die
421 1839 110 42 darin
554 1848 120 43 gegen
707 1836 58 40 die
780 1831 325 52 Schwurgerichte
1139 1829 247 63 vorgebracht
1418 1839 94 55 wer⸗

213 1906 84 40 den.
358 1898 57 54 Ja
465 1896 115 45 ihnen
611 1894 118 53 findet
776 1892 63 53 ſich
878 1891 119 41 nichts
1046 1882 132 72 neues.
1238 1885 59 43 Es
1341 1887 79 48 ſind
1452 1890 59 39 die

214 1960 100 42 alten
337 1968 70 31 vor
421 1958 75 38 und
511 1952 55 43 bei
581 1952 252 51 Einführung
847 1951 56 36 der
920 1942 326 56 Schwurgerichte
1264 1943 248 44 hundertmal

213 2014 291 57 vorgebrachten
540 2015 79 37 und
654 2009 130 45 ebenſo
827 2004 52 46 oft
921 2001 242 64 widerlegten
1186 1996 323 73 Behauptungen

213 2083 77 34 von
325 2075 63 39 der
419 2067 245 53 Unfähigkeit
696 2070 60 36 der
787 2061 142 63 Laien,
949 2059 92 42 über
1071 2053 217 63 juriſtiſche
1303 2057 130 55 Fragen
1468 2071 44 39 zu

212 2129 200 50 urtheilen,
448 2138 78 32 von
560 2119 62 49 der
656 2117 393 63 Unmöglichkeit,
1001 2110 70 75 die
1081 2116 121 49 That⸗
1243 2121 80 38 und
1343 2116 171 65 Rechts⸗

210 2188 107 54 frage
349 2198 44 40 zu
425 2187 172 41 trennen,
631 2190 75 32 von
740 2180 61 37 der
834 2174 300 64 Koſtſpieligkeit
1165 2176 80 40 und
1262 2169 249 73 Weitläufig⸗

211 2245 66 43 keit
326 2246 69 40 des
428 2240 236 51 Verfahrens
707 2247 37 29 u.
776 2232 78 54 dgl.
889 2234 118 46 mehr,
1065 2235 56 59 die
1177 2233 80 41 uns
1303 2230 79 48 hier
1427 2241 77 32 von

211 2304 151 42 Neuem
405 2300 135 44 wieder
573 2291 220 58 aufgetiſcht
836 2292 163 61 werden.
1057 2288 195 65 Einzelne
1286 2287 223 53 Misſtände

211 2361 79 42 und
326 2353 316 55 Schattenſeiten,
674 2361 75 30 von
784 2350 117 61 denen
944 2356 37 42 ja
1015 2346 97 41 keine
1147 2342 233 73 menſchliche
1413 2345 95 64 Ein⸗

211 2419 187 50 richtung,
429 2414 79 49 alſo
541 2412 86 43 auch
662 2410 72 40 das
768 2404 168 65 Inſtitut
968 2407 63 60 der
1052 2402 329 66 Schwurgerichte
1414 2403 96 50 nicht

210 2474 71 50 frei
312 2465 65 57 iſt,
403 2474 146 40 werden
583 2459 344 58 herausgegriffen,
959 2461 162 51 einzelne
1154 2459 119 54 Fälle,
1316 2471 38 31 in
1390 2462 115 39 denen

209 2532 61 45 die
302 2531 274 51 Geſchwornen
609 2524 72 40 das
716 2519 162 55 Unglück
909 2518 138 55 gehabt
1081 2517 136 48 baben,
1250 2521 158 62 anderer
1427 2517 81 43 An⸗

212 2591 82 50 ſicht
326 2588 70 40 wie
427 2588 61 38 der
510 2578 191 54 Verfaſſer
733 2589 42 41 zu
809 2577 89 49 ſein,
932 2575 62 43 als
1027 2573 186 44 eclatante
1240 2574 155 51 Beweiſe
1426 2585 79 33 von

211 2650 109 39 deren
352 2639 245 55 Unfähigkeit
647 2633 222 55 hingeſtellt,
924 2633 165 49 einzelne
1120 2631 303 53 Controverſen,
1466 2644 42 39 zu

211 2708 119 38 denen
365 2703 72 40 das
471 2709 92 32 neue
595 2694 169 54 Inſtitut
791 2689 290 54 Veranlaſſung
1114 2690 179 54 gegeben,
1327 2690 63 42 als
1422 2689 88 53 Zei⸗

214 2763 84 46 chen
329 2762 63 40 der
424 2755 159 47 dadurch
616 2748 327 55 herbeigeführten
977 2746 384 50 Rechtsunſicherheit
1392 2759 117 44 ange⸗

215 2819 106 53 führt
353 2817 78 41 und
459 2810 145 52 darauf
633 2809 62 52 hin
729 2807 56 42 die
799 2805 267 64 Behauptung
1100 2805 223 64 gegründet,
1356 2803 73 52 daß
1452 2806 57 43 die

217 2868 196 62 praktiſche
461 2870 225 51 Erfahrung
740 2864 57 43 die
838 2861 317 65 Verwerflichkeit
1210 2864 62 40 der
1319 2861 188 49 Schwur⸗

219 2934 155 54 gerichte
408 2928 170 54 beſtätigt
623 2920 104 60 habe.
789 2914 61 73 Der
882 2918 250 65 eigentliche
1165 2914 103 75 Kern
1318 2921 78 42 und
1436 2922 76 41 das

218 2992 134 49 Weſen
397 2990 63 40 der
493 2985 124 47 Sache
661 2979 95 46 wird
787 2977 110 44 dabei
944 2978 39 48 ſo
1026 2977 233 54 vollſtändig
1299 2977 214 55 überſehen,

221 3050 71 43 wie
325 3057 90 32 man
462 3047 41 38 es
534 3052 77 33 von
644 3039 99 44 einer
790 3035 220 52 einſeitigen
1044 3033 263 54 Parteiſchrift
1351 3046 75 32 nur
1457 3048 53 30 er⸗

221 3107 146 42 warten
400 3101 111 43 kann.
572 3099 153 42 Gerade
757 3094 113 48 dieſer
901 3091 213 48 Charakter
1146 3094 63 57 der
1244 3091 146 55 Schrift
1423 3094 88 41 aber

221 3169 78 36 und
331 3161 54 42 die
419 3156 125 44 damit
575 3157 237 41 verbundene
845 3148 259 54 politiſche
1136 3149 290 55 Tendenziſt
1458 3153 64 47 es,

219 3220 56 41 die
297 3219 50 50 ihr
368 3202 71 71 eine
451 3211 358 55 Bedeutung
688 3202 131 71 giebt,
851 3208 127 42 welche
1012 3206 59 47 ihr
1105 3208 98 49 ſonſt
1236 3207 95 51 nicht
1363 3208 151 53 zukom⸗

218 3287 86 31 men
338 3274 143 41 würde.
542 3271 59 44 Es
634 3270 53 47 iſt,
720 3268 71 42 wie
824 3267 42 41 es
900 3265 145 51 ſcheint,
1091 3267 70 45 ein
1189 3260 174 65 Fühler,
1372 3275 67 32 um
1471 3276 41 41 zu

217 3332 218 52 erforſchen,
479 3329 72 42 wie
584 3327 57 43 die
682 3324 204 56 öffentliche
921 3321 199 54 Meinung
1169 3323 58 41 die
1260 3322 255 55 Beſeitigung

214 3392 63 40 der
311 3385 324 54 Schwurgerichte
668 3382 78 43 wol
778 3379 237 53 aufnehmen
1048 3381 152 49 würde;
1232 3379 181 49 vielleicht
1445 3391 71 43 gar

216 3447 57 43 ein
308 3443 211 54 Vorläufer
560 3443 105 41 eines
698 3439 140 43 bereits
881 3435 266 55 beſchloſſenen
1180 3435 183 56 Angriffs
1396 3449 117 42 gegen

214 3503 198 46 dieſelben.
474 3499 59 56 In
557 3497 180 53 Rückſicht
770 3493 155 56 hierauf
955 3494 127 52 halten
1104 3493 85 66 wir
1222 3497 41 40 es
1276 3489 62 74 für
1344 3495 172 64 zweck⸗

213 3559 150 54 mäßig,
395 3558 56 43 die
484 3557 289 53 Erörterungen
808 3556 67 39 des
907 3553 121 52 Herrn
1046 3551 166 44 Wiarda
1246 3553 89 45 auch
1367 3563 41 31 in
1443 3556 74 38 die⸗

214 3622 57 49 ſer
305 3616 219 54 politiſchen
558 3610 225 56 Zeitſchrift,
817 3611 133 51 ſoweit
983 3612 48 62 es
1057 3610 63 41 der
1152 3609 134 44 Raum
1329 3610 187 64 derſelben

212 3678 187 55 geſtattet,
434 3673 99 43 einer
551 3673 125 50 kurzen
690 3669 123 43 Kritik
833 3679 42 41 zu
888 3666 254 52 unterziehen.
1176 3666 83 51 Auf
1274 3672 75 38 drei
1375 3661 139 63 Haupt⸗

215 3733 188 46 einwürfe
437 3729 115 56 laſſen
586 3728 62 48 ſich
682 3727 182 50 dieſelben
897 3723 282 54 zurückführen.
1462 3780 5 7 .

305 3791 39 49 1)
374 3788 79 45 Die
502 3787 277 47 Geſchwornen
824 3805 52 8 —
892 3777 119 67 wird
1041 3777 254 67 behauptet
1318 3803 56 9 —
1423 3782 95 46 ſeien

216 3847 200 51 einerſeits
450 3843 171 53 weniger
653 3839 242 54 befähigt,
936 3838 63 43 als
1039 3839 286 52 rechtsgelehrte
1356 3837 163 64 Richter,

214 3906 59 42 ein
307 3903 179 52 richtiges
520 3898 147 49 Urtheil
699 3909 42 41 zu
773 3896 142 51 finden,
949 3897 78 39 und
1061 3895 251 51 andererſeits
1354 3904 167 43 weniger

213 3956 338 55 unabhängig
601 3958 79 38 und
712 3952 281 54 fremdartigen
1025 3950 214 55 Einflüſſen
1289 3950 106 55 mehr
1428 3954 94 39 aus⸗

212 4018 137 57 geſetzt,
391 4014 63 41 als
499 4006 110 59 dieſe.
813 4063 6 8 .
1244 4062 6 8 .
1330 4030 26 41 .
1470 4061 6 8 .

299 4073 42 41 2)
374 4071 95 43 Das
501 4064 215 51 Verfahren
767 4067 73 40 mit
872 4063 280 50 Geſchwornen
1204 4063 47 49 ſei
1299 4062 75 42 viel
1406 4063 108 41 weit⸗

211 4120 178 61 läufiger,
415 4123 248 55 koſtſpieliger
694 4125 79 40 und
806 4119 314 58 beläſtigender,
1145 4119 64 43 als
1242 4122 73 40 das
1347 4127 70 35 vor
1449 4123 70 38 den

167 4183 388 55 Strafkammern.

298 4244 40 49 3)
371 4241 78 45 Die
482 4240 214 50 Trennung
728 4239 63 39 der
822 4234 103 52 That
956 4242 77 35 von
1067 4235 63 41 der
1157 4232 251 57 Rechtsfrage
1441 4231 80 43 und

214 4303 58 44 die
313 4297 297 53 Ueberweiſung
661 4298 66 37 des
768 4292 194 54 Urtheiles
1019 4292 90 43 über
1148 4291 59 41 die
1248 4289 78 45 eine
1353 4301 70 52 an
1464 4290 58 43 die

216 4352 433 55 Geſchwornen,
540 4343 97 68 über
686 4350 60 41 die
778 4353 137 39 andere
946 4360 51 32 an
1029 4348 59 43 die
1114 4347 158 50 Richter,
1315 4348 46 51 ſei
1389 4347 134 55 logiſch

216 4416 204 52 unrichtig,
462 4409 177 52 praktiſch
682 4406 224 50 verderblich
947 4410 81 38 und
1067 4405 109 52 führe
1208 4417 44 42 zu
1282 4404 242 45 unlösbaren

217 4468 356 58 Schwierigkeiten.

306 4529 84 45 Wir
424 4528 139 41 wollen
594 4521 168 54 zunächſt
795 4522 69 40 den
905 4518 125 56 letzten
1063 4518 164 49 Grund,
1266 4518 72 49 auf
1365 4519 160 48 welchen

220 4593 64 40 der
323 4584 190 53 Verfaſſer
554 4583 75 41 das
678 4577 293 56 Hauptgewicht
1016 4588 43 40 zu
1105 4575 107 55 legen
1258 4575 145 51 ſcheint,
1449 4575 76 65 in’s

222 4647 108 53 Auge
392 4642 133 55 faſſen.
615 4637 88 44 Wir
759 4636 145 42 können
946 4634 83 46 ihm
1073 4634 108 41 dabei
1221 4631 167 54 indeſſen
1430 4634 97 46 nicht

222 4691 74 64 auf
333 4703 57 41 die
433 4699 245 49 Erörterung
721 4696 63 40 der
827 4692 190 54 einzelnen
1057 4690 301 63 Controverſen,
1398 4689 130 47 welche

222 4762 109 49 durch
373 4759 58 41 die
465 4754 323 51 Beſtimmungen
833 4749 209 51 unſerer
1073 4746 448 54 Strafprozeßordnung

220 4823 81 38 und
347 4815 157 51 unſeres
546 4807 370 55 Strafgeſetzbuches
968 4803 206 51 veranlaßt
1224 4803 102 52 ſind,
1384 4802 145 55 folgen.

220 4875 87 45 Wir
340 4875 188 41 bedauern
563 4868 82 44 dies
677 4865 183 51 inſofern,
900 4863 64 45 als
997 4862 94 53 dieſe
1122 4861 290 60 Erörterungen
1455 4863 73 39 das

221 4933 93 50 beſte
358 4933 38 41 in
438 4932 63 39 der
548 4935 143 45 ganzen
727 4921 148 54 Schrift
922 4920 78 52 ſind
1041 4921 80 41 und
1167 4919 177 48 manches
1385 4917 142 51 Wahre

221 4990 220 48 enthalten;
474 4985 89 42 aber
594 4985 73 39 mit
698 4983 62 40 der
791 4978 128 56 Frage
950 4978 92 42 über
1074 4979 58 39 die
1152 4976 281 53 Berechtigung
1466 4978 61 61 der

224 5041 426 56 Schwurgerichte
681 5050 22 29 an
768 5037 91 52 ſich
882 5036 120 48 haben
1001 5028 63 75 ſie
1082 5028 119 75 nichts
1226 5028 182 75 zuthun.
1441 5032 85 43 Wir

223 5102 216 53 bezweifeln
487 5098 124 46 nicht,
667 5092 76 53 daß
789 5094 162 52 einzelne
996 5087 322 73 Beſtimmungen
1372 5085 150 73 unſerer

223 5155 449 57 Strafprozeßordnung
718 5150 113 48 theils
875 5149 279 55 ungenägend,
1200 5148 116 50 theils
1356 5169 57 9 —
1453 5154 70 35 wie

226 5220 75 39 das
336 5214 55 43 bei
422 5224 122 31 neuen
577 5210 171 51 Geſetzen
781 5206 103 48 leicht
914 5210 62 39 der
1009 5206 86 53 Fall
1127 5206 43 50 iſt
1198 5229 57 7 —
1285 5203 241 51 mangelhaft

224 5276 82 40 und
339 5270 164 49 unſicher
534 5265 239 55 angewandt
803 5263 94 53 ſind.
956 5262 85 44 Wir
1073 5263 213 53 bezweifeln
1307 5261 89 52 noch
1410 5261 118 42 weni⸗

229 5342 78 41 ger,
340 5327 68 49 daß
431 5314 100 73 unſer
577 5314 557 73 Criminalgeſetzbuchder
1161 5314 178 73 Reviſion
1364 5330 69 42 gar
1448 5318 80 51 ſehr

227 5384 145 48 bedarf.
437 5382 130 45 Durch
601 5379 56 42 die
689 5377 304 57 Hervorhebung
1038 5380 61 39 der
1131 5381 77 38 aus
1249 5376 121 49 dieſen
1404 5374 125 45 Män⸗

230 5444 85 54 geln
349 5440 63 47 für
444 5442 74 40 das
551 5437 371 54 ſchwurgerichtliche
953 5433 215 54 Verfahren
1208 5434 318 52 entſpringenden

227 5499 246 45 Uebelſtände
504 5501 41 38 in
579 5499 60 38 der
659 5491 278 53 Wiarda’ſchen
961 5491 149 54 Schrift
1129 5491 98 43 kann
1259 5492 61 41 der
1354 5490 173 54 flüchtige

231 5557 104 49 Leſer
382 5554 187 49 derſelben
618 5551 216 54 allerdings
877 5550 103 47 leicht
1028 5560 43 43 zu
1118 5548 123 43 einem
1282 5546 248 50 Vorurtheile

231 5626 125 43 gegen
400 5614 75 39 das
506 5609 214 49 Verfahren
770 5608 101 51 ſelbſt
916 5607 171 44 verleitet
1126 5610 175 47 werden;
1350 5604 90 44 aber
1471 5603 60 49 für

228 5671 145 57 Ieden,
407 5672 62 38 der
502 5666 57 43 die
591 5665 124 45 Sache
747 5675 168 43 genauer
945 5663 119 54 prüft,
1102 5661 95 52 muß
1228 5665 42 40 es
1302 5661 120 51 ſofort
1453 5660 77 43 klar

230 5731 171 41 werden,
436 5721 72 53 daß
541 5723 69 41 alle
641 5721 79 54 jene
753 5722 289 53 Erörterungen
1075 5732 70 41 gar
1176 5719 98 44 keine
1297 5718 235 52 Bedeutung

232 5787 139 52 haben,
403 5792 113 34 wenn
558 5780 97 42 nicht
694 5782 61 40 der
786 5777 205 46 Nachweis
1035 5777 168 56 geliefert
1241 5779 150 39 werden
1425 5774 109 48 kann,

231 5843 76 51 daß
339 5842 58 42 die
431 5836 357 55 hervorgehobenen
822 5835 242 52 Uebelſtände
1096 5836 76 41 aus
1204 5835 84 62 dem
1305 5832 133 51 Weſen
1462 5833 69 40 des

231 5895 400 60 ſchwurgerichtlichen
672 5893 248 63 Verfahrens
971 5892 104 51 ſelbſt
1104 5889 280 66 entſpringen.
1426 5889 106 65 Und

231 5959 118 49 dieſer
401 5952 206 50 Nachweis
668 5950 41 45 iſt
768 5949 229 56 vollſtändig
1058 5950 244 54 mislungen.
1369 5944 165 46 Wiarda

234 6015 205 51 behauptet
471 6022 114 43 zwar,
618 6005 75 52 daß
725 6007 57 41 die
813 6006 214 55 Trennung
1057 6007 64 42 der
1137 6005 264 55 ſogenannten
1415 6002 119 50 That⸗

230 6082 81 35 von
372 6075 64 38 der
497 6064 253 54 Rechtsfrage
795 6066 79 41 und
919 6067 61 39 der
1041 6060 293 56 Ueberweiſung
1366 6064 67 40 des
1463 6060 71 43 Ur⸗

230 6130 117 50 theils
380 6120 92 51 über
504 6125 60 43 die
596 6123 81 42 eine
710 6132 50 31 an
794 6120 58 42 die
874 6120 290 48 Geſchwornen,
1195 6119 92 43 über
1319 6117 56 44 die
1396 6119 138 41 andere

235 6198 50 31 an
317 6189 56 40 die
403 6185 153 47 Richter
588 6181 111 51 einen
730 6178 183 55 logiſchen
927 6178 258 52 Widerſpruch
1218 6175 182 50 enthalte.
1440 6170 95 47 Das

235 6243 113 43 kleine
386 6242 195 48 Körnchen
616 6235 216 53 Wahrbeit,
882 6237 88 40 was
1018 6235 39 43 in
1102 6235 118 50 dieſer
1266 6233 267 54 Behauptung

235 6300 105 56 liegt,
372 6300 135 49 beſteht
538 6296 126 48 darin,
696 6293 74 51 daß
792 6294 77 41 aus
906 6293 74 42 dem
1003 6287 123 73 Weſen
1163 6294 68 40 des
1245 6284 288 73 Strafurtheils

235 6359 96 47 nicht
382 6358 68 41 mit
484 6351 339 57 Nothwendigkeit
873 6348 79 53 jene
985 6348 253 65 Vertheilung
1283 6349 62 42 der
1386 6348 147 45 richter⸗

234 6416 115 48 lichen
382 6414 244 53 Functionen
659 6422 50 31 an
743 6408 92 55 zwei
868 6406 335 53 verſchiedene
1225 6405 164 55 Organe
1420 6403 115 54 folgt.

234 6472 282 45 Vereinbar
548 6471 124 41 damit
704 6468 89 42 aber
833 6466 41 49 iſt
907 6464 46 51 ſie
986 6461 243 56 vollſtändig.
1318 6461 72 53 Ja,
1440 6471 95 31 man

234 6529 95 50 muß
362 6532 112 54 ſogar
507 6529 228 48 behaupten,
776 6522 73 52 daß
891 6525 58 40 die
990 6522 193 54 getrennte
1214 6519 319 66 Beantwortung

235 6585 100 53 jener
368 6589 130 40 beiden
531 6585 153 55 Fragen
720 6584 39 51 ſo
790 6582 39 43 in
864 6584 61 39 der
958 6580 130 42 Natur
1108 6578 76 64 der
1215 6576 124 64 Sache
1373 6577 165 62 begrün⸗

242 6647 57 37 det
329 6646 53 49 iſt,
431 6643 72 50 daß
538 6643 43 50 ſie
630 6642 88 47 auch
751 6642 120 44 dann,
922 6648 111 32 wenn
1044 6628 71 75 ein
1121 6632 411 67 Richtercollegium

244 6698 94 48 ohne
368 6701 253 49 Geſchworge
654 6705 86 58 oder
773 6697 105 54 ſelbſt
910 6695 58 43 ein
1004 6692 263 47 Einzelrichter
1298 6694 74 61 das
1394 6688 147 63 Urtbeil

241 6766 43 43 zu
319 6756 160 49 ſprechen
515 6758 76 50 hat,
622 6756 223 52 ſtattſindet.
906 6752 126 55 Jedes
1066 6747 262 50 Strafurtheil
1369 6748 75 51 ſetzt
1483 6748 58 41 die

244 6813 314 57 Beantwortung
600 6816 61 40 der
711 6814 182 42 beiden
936 6810 155 54 Fragen
1138 6804 171 45 voraus!
1370 6805 69 65 Iſt
1478 6807 63 40 der

241 6869 239 52 Angeklagte
524 6876 65 38 des
623 6875 67 39 den
725 6871 250 54 Gegenſtand
1023 6871 62 38 der
1127 6864 172 53 Anklage
1342 6861 198 43 bildenden

243 6927 258 46 Verbrechens
531 6928 187 53 ſchuldig?
750 6930 100 40 und:
884 6927 143 48 Welche
1042 6921 142 54 Strafe
1217 6921 66 48 hat
1315 6930 36 31 er
1382 6920 161 48 dadurch

244 6983 207 46 verwirkt?
512 6983 72 41 Bei
622 6989 82 39 dem
737 6985 217 49 Verfahren
1000 6985 98 45 ohne
1132 6981 283 47 Geſchwornen
1460 6980 80 60 ent⸗

245 7031 62 71 ſch
323 7043 72 41 idet
436 7043 63 40 der
531 7040 145 43 Richter
706 7043 225 55 gleichzeitig
979 7041 93 43 über
1118 7040 105 41 beide
1256 7035 178 55 Fragen;
1483 7037 58 37 die

243 7100 216 53 Trennung
507 7097 184 49 derſelben
737 7101 81 41 tritt
861 7101 115 50 daher
1008 7097 187 51 äußerlich
1247 7094 96 48 nicht
1385 7091 156 64 hervor;

245 7158 87 42 aber
366 7156 56 43 bei
454 7162 84 36 dem
572 7157 154 39 inneren
759 7159 175 52 geiſtigen
970 7154 187 56 Prozeſſe,
1202 7156 68 39 den
1305 7154 62 40 der
1399 7148 146 46 Richter

246 7215 310 49 durchzumachen
593 7214 79 46 hat,
705 7223 66 31 um
802 7226 42 38 zu
876 7216 99 42 einer
1008 7210 305 52 Verurtheilung
1358 7207 185 56 gelangen

248 7281 46 42 zu
323 7272 157 44 können,
523 7269 93 53 muß
649 7282 37 29 er
719 7270 249 57 nothwendig
1007 7271 83 55 jene
1125 7269 128 43 beiden
1289 7267 154 53 Fragen
1485 7274 62 44 ge⸗

249 7327 151 53 ſondert
430 7329 130 50 prüfen
596 7331 78 40 und
703 7327 276 51 beantworten,
1014 7329 79 44 und
1126 7329 129 49 unſere
1271 7319 276 58 Strafprozeß⸗

252 7388 180 49 ordnung
464 7386 145 48 ſchreibt
637 7387 116 53 ſogar
778 7387 250 51 ausdrücklich
1060 7397 85 37 vor,
1176 7383 75 51 daß
1284 7385 89 47 auch
1408 7381 38 43 in
1460 7383 84 38 dem

250 7441 297 49 entſcheidenden
581 7445 131 46 Theile
745 7446 66 40 des
844 7443 169 48 Urtheils
1048 7445 103 53 ſelbſt
1184 7442 58 43 die
1275 7441 117 51 That,
1437 7441 108 39 deren

247 7502 64 42 der
344 7499 231 55 Angeklagte
607 7502 164 53 ſchuldig
813 7500 158 42 erkannt
1001 7503 118 47 wird,
1151 7501 208 48 beſonders
1392 7496 158 54 hervor⸗

242 7559 171 53 gehoben
448 7561 149 39 werden
637 7560 80 44 ſoll.
779 7559 86 45 Wie
898 7557 97 44 kann
1027 7569 91 33 man
1151 7559 118 50 daher
1301 7567 78 33 von
1414 7553 124 44 einem

242 7616 187 54 logiſchen
467 7614 279 51 Widerſpruche
786 7622 133 43 reden,
963 7627 112 31 wenn
1116 7618 94 48 dieſe
1253 7612 181 47 innerlich
1467 7621 82 33 ver⸗

241 7673 211 55 ſchiedenen
485 7675 80 42 und
591 7684 76 31 von
698 7673 120 54 jedem
837 7672 275 56 vernünftigen
1138 7678 78 40 und
1235 7669 313 60 gewiſſenhaften

245 7733 149 42 Richter
425 7733 177 54 getrennt
635 7734 298 42 beantworteten
961 7731 156 55 Fragen
1149 7733 89 47 auch
1266 7729 186 52 äußerlich
1486 7739 61 44 ge⸗

246 7789 174 53 ſchieden,
453 7790 56 42 die
541 7789 80 43 eine
654 7790 68 42 den
756 7790 295 51 Geſchwornen,
1103 7787 58 45 die
1194 7791 137 41 andere
1336 7781 63 66 den
1404 7785 146 51 Rich⸗

244 7851 82 39 tern
358 7847 231 51 überwieſen
623 7847 124 43 wird?
789 7847 245 56 Vollſtändig
1066 7847 40 43 in
1139 7845 115 51 dieſer
1271 7844 276 53 Ausdehnung

244 7903 269 58 durchgeführt
543 7905 43 55 iſt
617 7907 58 43 die
696 7904 225 57 Scheidung
939 7906 217 56 allerdings
1188 7916 74 34 nur
1288 7904 41 44 in
1347 7903 200 56 England.

2012 264 187 59 hwornen
2230 270 65 54 ſich
2327 270 143 56 einfach
2503 274 174 49 darüber,
2731 276 47 43 ob
2810 277 65 43 der

1556 365 239 24 N
1958 339 16 41 *⁴
2047 342 61 40 zur
2131 329 82 51 Laſt
2231 332 174 54 gelegten
2426 332 255 48 Verbrechens
2709 334 162 57 ſchuldig

1567 389 62 51 ſei,
1664 393 88 40 oder
1784 388 107 51 nicht,
1923 401 44 41 zu
2000 389 178 43 erklären.
2239 387 58 55 In
2332 392 69 39 den
2435 391 192 51 deutſchen
2663 391 210 54 Strafpro⸗

1568 445 393 58 zeßgeſetzgebungen,
1995 448 72 41 mit
2100 446 237 53 Ausnahme
2369 453 98 36 etwa
2499 450 63 39 der
2594 448 279 53 braunſchwei⸗

1570 506 155 54 giſchen,
1757 506 131 50 welche
1921 510 84 37 dem
2028 506 205 53 engliſchen
2255 504 213 50 Verfahren
2490 505 80 51 ſehr
2591 506 98 52 nahe
2712 506 158 48 kommt,

1572 565 65 48 hat
1670 575 93 31 man
1797 563 57 42 die
1887 563 238 53 Competenz
2158 567 61 38 der
2253 563 281 49 Geſchwornen
2578 563 74 43 mit
2691 562 181 51 Rückſicht

1572 620 67 51 auf
1671 620 58 44 die
1760 620 295 54 Jahrhunderte
2085 621 115 54 lange
2216 619 291 55 Entfremdung
2539 622 67 41 des
2623 620 135 49 Rechts
2791 631 77 32 von

1571 681 85 39 dem
1697 676 360 55 Volksbewußtſein
2103 679 102 47 mehr
2255 678 238 51 beſchränken
2539 689 44 41 zu
2631 677 147 55 müſſen
2811 691 62 42 ge⸗

1571 737 151 52 glaubt.
1783 735 180 54 Einzelne
2002 737 117 54 gehen
2162 736 153 51 ſoweit,
2367 735 57 44 die
2467 735 278 52 Geſchwornen
2799 748 72 31 nur

1572 794 91 42 über
1695 799 69 38 den
1792 793 161 43 Beweis
1985 796 63 42 der
2080 794 191 51 einzelnen
2293 793 231 52 Thatſachen
2557 795 68 40 des
2659 794 213 53 vorliegen⸗

1572 853 70 40 den
1676 851 133 53 Falles
1840 850 189 55 urtheilen
2063 864 43 42 zu
2139 851 129 54 laſſen.
2338 851 77 44 Die
2448 852 151 49 meiſten
2632 873 53 7 —
2719 857 77 37 und
2828 862 43 43 zu

1571 908 114 51 ihnen
1720 908 135 54 gehört
1885 909 53 43 im
1973 909 269 51 Weſentlichen
2283 911 89 47 auch
2406 907 55 44 die
2496 909 276 49 hannoverſche
2792 908 79 42 Ge⸗

1573 966 216 56 ſetzgebung
1820 991 56 7 —
1906 967 211 54 überlaſſen
2148 977 103 43 zwar
2282 969 85 39 dem
2401 966 171 45 Gerichte
2604 964 57 44 die
2683 965 187 52 Entſchei⸗

1572 1025 106 53 dung
1710 1025 91 43 über
1838 1024 59 44 die
1929 1025 140 55 Frage,
2119 1023 154 50 welches
2314 1022 57 44 die
2412 1025 70 41 den
2514 1023 257 50 Thatbeſtand
2804 1027 64 38 des

1572 1082 258 49 Verbrechens
1871 1083 201 43 bildenden
2114 1080 297 56 geſetzlichen
2454 1080 281 44 Merkmale
2776 1079 91 53 ſind,

1574 1139 45 52 ſie
1650 1140 232 50 überweiſen
1924 1140 89 43 aber
2053 1142 69 40 den
2154 1139 281 49 Geſchwornen
2484 1138 117 43 neben
2650 1141 61 39 der
2742 1137 128 53 Frage

1573 1200 66 41 des
1671 1198 197 52 Beweiſes
1900 1199 89 47 auch
2029 1196 56 43 die
2127 1195 269 52 Subſumtion
2446 1199 64 40 der
2540 1207 76 32 von
2651 1195 112 53 ihnen
2808 1197 62 40 als

1573 1256 176 49 erwieſen
1792 1266 335 42 angenommenen
2165 1253 231 52 Thatſachen
2449 1257 109 39 unter
2615 1251 107 55 jenen
2776 1263 92 32 vom

1575 1313 172 46 Gerichte
1779 1312 115 44 ihnen
1928 1313 267 51 angegebenen
2231 1311 222 54 geſetzlichen
2487 1312 273 47 Thatbeſtand.
2807 1309 62 44 Ob

1572 1371 40 41 in
1646 1369 114 54 dieſer
1791 1369 292 54 Beſchränkung
2115 1372 61 39 der
2189 1369 499 50 Geſchwornencompetenz
2709 1368 53 41 im
2776 1367 93 44 Ver⸗

1572 1427 112 54 gleich
1718 1428 72 42 mit
1821 1431 83 38 dem
1938 1427 206 54 engliſchen
2178 1425 215 54 Verfahren
2427 1427 58 43 ein
2506 1426 157 52 Vorzug
2697 1432 87 35 oder
2808 1427 57 39 ein

1573 1484 197 50 Nachtheil
1801 1484 104 56 liegt,
1940 1484 139 43 wollen
2112 1487 71 41 wir
2215 1483 78 54 hier
2332 1483 97 52 nicht
2468 1484 255 46 unterſuchen.
2784 1482 85 43 Uns

1573 1542 144 54 genügt
1750 1553 43 43 zu
1825 1542 238 47 conſtatiren,
2095 1544 73 50 daß
2200 1541 89 49 auch
2323 1541 55 43 bei
2410 1540 60 50 ihr
2501 1550 77 34 von
2612 1541 121 41 einem
2763 1539 107 43 inne⸗

1574 1610 63 29 ren
1672 1599 282 51 Widerſpruche
1987 1600 96 47 nicht
2123 1602 57 43 die
2213 1602 101 42 Rede
2356 1597 75 49 ſein
2473 1597 112 44 kann.
2645 1596 109 54 Zwei
2788 1606 80 34 ver⸗

1572 1656 182 47 ſchiedene
1799 1657 150 54 geiſtige
1988 1656 286 52 Operationen,
2314 1654 59 44 die
2404 1657 113 46 auch,
2559 1665 112 33 wenn
2713 1655 154 49 dieſelbe

1571 1712 146 52 Perſon
1751 1713 44 50 ſie
1828 1713 227 47 vornimmt,
2088 1717 86 50 doch
2207 1717 138 41 immer
2366 1715 175 52 getrennt
2564 1723 303 43 vorgenommen

1571 1772 148 42 werden
1754 1770 145 56 müſſen
1933 1796 43 7 —
2025 1772 57 42 die
2113 1774 260 50 Erforſchung
2407 1773 66 39 des
2506 1771 221 54 geſetzlichen
2750 1769 120 48 That⸗

1570 1827 198 49 beſtandes
1810 1833 105 39 eines
1948 1828 257 51 Verbrechens
2245 1835 80 38 und
2368 1830 57 40 die
2468 1827 270 50 Subſumtion
2781 1838 87 32 eon⸗

1568 1888 114 40 creter
1715 1886 230 53 Thatſachen
1980 1890 111 39 unter
2124 1888 210 50 denſelben,
2375 1888 150 40 werden
2558 1888 90 47 auch
2680 1883 187 52 äußerlich

1569 1944 222 51 geſchieden.
1854 1944 63 43 Ob
1939 1945 73 40 das
2036 1944 249 56 nothwendig
2309 1945 87 42 oder
2417 1943 242 55 zweckmäßig
2706 1944 161 42 darüber

1568 1999 81 50 läßt
1671 2001 62 51 ſich
1767 1995 180 64 vielleicht
1969 1995 171 64 ſtreiten
2142 2006 78 38 und
2243 2003 72 41 wir
2348 2003 173 42 kommen
2547 2000 144 44 darauf
2719 1999 147 56 zurück;

1570 2056 73 49 daß
1676 2061 41 38 es
1750 2058 134 54 logiſch
1916 2057 171 56 zuläſſig,
2131 2058 133 51 ſcheint
2296 2063 79 39 uns
2416 2056 301 56 unzweifelhaft.
2778 2058 90 43 Wer

1569 2113 82 42 dies
1683 2115 166 54 leugnet,
1882 2126 77 31 wer
1992 2114 71 43 wie
2095 2116 162 44 Wiarda
2299 2120 72 39 das
2404 2116 147 46 Urtheil
2592 2116 63 41 als
2698 2115 57 43 ein
2798 2127 68 30 un⸗

1567 2172 230 43 trennbares
1829 2173 160 50 Ganzes
2022 2174 209 48 betrachtet,
2264 2176 63 39 der
2360 2173 93 51 muß
2485 2173 383 55 conſequenterweiſe

1568 2228 228 51 behaupten,
1830 2228 72 51 daß
1924 2231 171 46 dasſelbe
2120 2231 97 47 nicht
2247 2232 75 43 das
2336 2231 176 54 Reſultat
2537 2233 104 45 eines
2675 2228 192 52 dewuß⸗

1567 2288 78 40 ten
1678 2286 165 43 klaren
1879 2287 256 49 Denkens,
2168 2290 160 45 ſondern
2362 2293 61 39 der
2444 2289 175 50 Ausfluß
2652 2290 105 42 eines
2789 2300 80 30 un⸗

1567 2342 165 43 klaren
1784 2347 79 40 und
1908 2345 384 53 unbeſtimmten
2334 2346 230 50 Gefühls
2610 2347 74 50 ſein
2737 2345 132 52 müſſe.

1569 2400 80 51 Für
1682 2402 114 50 ſolche
1827 2401 123 54 Juſtiz
1995 2403 141 42 danken
2183 2408 83 37 wir.
2300 2392 284 65 (Bekanntlich
2624 2406 42 48 iſt
2707 2404 89 50 auch
2827 2402 39 43 in

1570 2460 61 39 der
1663 2458 775 57 Militärſtrafproceßordnung
2465 2462 57 41 die
2546 2462 119 49 That⸗
2699 2463 79 40 und
2811 2460 57 41 die

1570 2514 248 56 Rechtsfrage
1858 2517 39 42 in
1939 2518 90 50 zwei
2070 2520 195 52 getrennte
2298 2518 331 56 Verhandlungen
2662 2521 79 39 und
2774 2518 98 43 Ent⸗

1570 2572 244 56 ſcheidungen
1857 2575 215 55 geſpalten,
2115 2573 161 55 obgleich
2317 2576 92 42 über
2443 2575 101 43 beide
2586 2576 170 49 dasſelbe
2790 2577 79 42 Ge⸗

1569 2629 101 50 richt,
1704 2631 183 50 dieſelben
1921 2631 195 53 Perſonen
2151 2632 201 48 urtheilen.
2392 2633 95 50 4D.
2519 2633 171 49 Redact.)

1654 2781 744 57 †GGommiſſionsvorſchläge
2426 2788 79 39 der
2526 2784 346 60 Calenberger

1570 2836 305 54 Landſchaft.
1932 2837 34 42 I.
2001 2839 373 50 Städtecurie.)
2435 2841 244 51 Bekanntlich
2714 2846 65 49 hat
2809 2853 61 35 der

1571 2907 63 43 zur
1666 2895 187 56 Prüfung
1887 2898 67 40 des
1986 2896 230 53 Entwurfes
2250 2898 101 41 einer
2393 2910 120 31 neuen
2546 2900 233 56 Verfaſſung
2814 2909 59 38 der

1571 2953 394 51 Calenb.⸗Grubenh.
1991 2953 470 55 Provinzial⸗Landſchaft
2479 2958 270 56 niedergeſetzte
2768 2960 108 44 Aus⸗

1572 3009 104 52 ſchuß
1709 3012 96 51 ſeine
1846 3011 181 43 Arbeiten
2068 3014 206 45 vollendet,
2317 3023 69 33 um
2427 3013 43 50 ſie
2510 3014 39 42 in
2593 3019 68 38 den
2706 3019 178 49 nächſten

1572 3069 164 49 Wochen
1779 3074 84 37 dem
1905 3068 417 55 Provinziallandtage
2362 3080 44 43 zu
2448 3068 272 48 unterbreiten.
2790 3076 85 44 Wir

1573 3127 121 51 haben
1727 3126 26 53 ſ.
1770 3125 48 54 Z.
1850 3130 76 40 aus
1960 3128 122 50 ſeinen
2115 3127 330 55 Verhandlungen
2479 3129 307 58 Mittheilungen
2814 3146 63 43 ge⸗

1575 3184 133 49 macht,
1742 3185 128 49 halten
1904 3188 40 38 es
1977 3184 89 43 aber
2097 3184 62 53 für
2185 3184 145 55 nöthig,
2362 3184 70 51 auf
2461 3185 123 56 einige
2602 3188 273 55 Hauptpunkte

1574 3243 63 40 der
1669 3240 457 55 Commiſſionsanträge
2166 3253 67 30 um
2274 3242 202 42 deswillen
2518 3245 360 53 zurückzukommen,

1573 3297 88 45 weil
1694 3299 70 41 wir
1797 3299 38 41 in
1869 3299 197 50 denſelben
2101 3300 76 50 hier
2211 3302 79 38 und
2295 3293 48 66 da
2402 3298 139 54 freilich
2566 3315 115 40 gegen
2706 3307 67 41 den
2801 3305 75 45 Re⸗

1574 3355 400 56 gierungs⸗Entwurf
2018 3356 114 42 kleine
2183 3355 245 54 Fortſchritte
2476 3359 297 51 wahrnehmen,
2822 3366 52 40 im

1576 3415 159 52 Ganzen
1770 3415 87 41 aber
1889 3414 58 43 die
1979 3412 297 55 Ueberzeugung
2309 3417 149 39 daraus
2490 3428 214 40 gewonnen
2739 3420 134 50 haben,

1577 3470 71 49 daß
1690 3470 94 52 dieſe
1826 3470 102 44 alten
1970 3469 316 57 unzeitgemäßen
2326 3470 272 55 Landſchaften
2646 3477 89 48 auch
2780 3480 99 48 nicht

1576 3527 145 44 einmal
1752 3527 108 52 mehr
1893 3527 56 44 die
1979 3527 134 51 Kraft
2137 3527 156 56 beſitzen,
2338 3527 63 51 ſich
2443 3530 210 54 zeitgemäß
2693 3533 104 54 ſelbſt
2836 3546 43 43 zu

1576 3585 293 55 reorganiſiren.
1911 3585 86 43 Wir
2028 3585 189 42 bedauern
2252 3587 82 41 dies
2365 3585 54 42 im
2452 3587 167 43 Grunde
2651 3591 108 49 nicht,
2792 3592 86 43 weil

1576 3641 63 52 ſich
1672 3644 161 48 dadurch
1865 3653 64 31 am
1958 3642 138 52 eheſten
2131 3641 56 43 die
2208 3643 297 55 Ueberzeugung
2537 3655 77 33 von
2648 3649 62 40 der
2732 3647 148 49 Schäd⸗

1576 3699 137 49 lichkeit
1745 3700 116 51 dieſer
1894 3699 336 50 mittelalterlichen
2260 3700 272 50 Ueberbleibſel
2553 3703 146 43 überall
2732 3707 149 41 weitere

1578 3757 117 51 Bahn
1738 3757 148 49 brechen
1928 3760 78 39 und
2048 3756 56 42 die
2146 3756 253 55 Beſeitigung
2441 3758 185 53 derſelben
2668 3762 91 43 über
2799 3763 81 54 kurz

1580 3818 89 39 oder
1701 3815 92 53 lang
1827 3814 63 52 ſich
1923 3815 64 41 als
2018 3813 242 55 zweckmäßig
2302 3815 177 50 erweiſen
2513 3816 136 52 dürfte,
2692 3822 89 39 was
2813 3833 67 30 um

1581 3873 38 48 ſo
1652 3871 224 54 dringlicher
1897 3874 148 40 werden
2068 3872 144 48 würde,
2247 3881 110 32 wenn
2378 3883 92 31 man
2504 3874 68 41 den
2608 3886 119 33 neuen
2759 3875 123 45 Land⸗

1582 3927 158 55 ſchaften
1782 3927 179 49 wirkliche
2003 3927 197 51 erhebliche
2245 3929 197 51 Geſchäfte
2488 3931 231 54 überweiſen
2761 3933 119 53 ſollte.

1582 3984 185 52 Zunächſt
1813 3984 97 42 wird
1972 3984 57 42 die
2081 3983 148 52 Zweite
2284 3990 89 36 oder
2414 3985 339 47 Städtecurie
2786 3992 96 49 nicht

1584 4041 102 48 wohl
1718 4041 63 41 als
1814 4040 79 42 eine
1926 4040 235 54 Vertretung
2195 4043 62 40 der
2297 4040 145 43 Städte
2475 4045 86 40 oder
2604 4044 183 54 vielmehr
2820 4050 62 42 der

1583 4097 318 52 Bürgerſchaften
1935 4097 208 55 angeſehen
2178 4102 150 44 werden
2360 4098 162 53 können,
2555 4111 114 34 wenn
2702 4115 92 32 man
2813 4107 68 40 den

1583 4153 260 54 Magiſtraten
1891 4154 114 42 allein
2057 4154 56 41 die
2166 4154 120 50 Wahl
2330 4154 107 43 eines
2479 4156 292 55 Abgeordneten
2805 4165 77 40 aus

1582 4269 55 50 iſt.
1709 4267 130 46 Selbſt
1882 4270 74 40 das
1998 4268 137 42 wieder
2175 4268 235 55 eingeführte
2450 4270 323 58 Wahlverfahren
2806 4279 78 41 aus

1583 4330 84 38 dem
1700 4325 125 54 Jahre
1858 4324 110 42 1840
2008 4337 44 42 zu
2093 4327 69 41 den
2194 4326 165 49 Wahlen
2400 4331 61 38 der
2493 4327 170 53 Zweiten
2696 4331 188 45 Kammer

1584 4384 64 48 hat
1681 4384 79 41 eine
1793 4383 113 52 ſolche
1939 4382 233 54 exorbitante
2186 4383 397 58 Wahlbeſchränkung
2615 4387 97 50 nicht
2738 4390 145 42 einmal

1582 4441 63 53 für
1676 4441 136 54 nöthig
1845 4440 188 54 gehalten,
2064 4440 129 43 indem
2226 4443 41 40 es
2300 4445 69 39 den
2401 4442 483 58 Magiſtratsmitgliedern

1584 4500 81 44 eine
1696 4499 133 56 gleiche
1861 4498 150 55 Anzahl
2043 4497 342 54 Bürgervorſteher
2417 4503 78 38 und
2511 4499 259 57 Wahlbürger
2803 4504 83 50 hin⸗

1585 4555 151 57 zufügte
1768 4556 78 44 und
1878 4559 69 39 den
1988 4554 115 45 Kreis
2144 4558 61 40 der
2244 4555 123 55 paſſiv
2410 4556 238 50 Wählbaren
2685 4559 97 52 nicht
2823 4560 60 45 bis

1585 4628 44 42 zu
1670 4617 155 51 ſolchem
1865 4611 250 51 Aeußerſten,
2171 4613 72 43 wie
2300 4613 76 51 hier
2431 4614 212 54 geſchehen,
2700 4617 184 55 einengte.

1588 4673 94 43 Soll
1714 4677 57 37 die
1790 4670 269 55 Bürgerſchaft
2090 4670 217 54 überhaupt
2325 4671 218 43 Vertrauen
2576 4685 41 41 zu
2652 4678 68 39 den
2756 4675 126 45 ſtädti⸗

1590 4730 96 49 ſchen
1719 4729 291 53 Abgeordneten
2044 4729 142 49 haben,
2227 4728 38 52 ſo
2297 4727 94 51 muß
2430 4727 45 53 ſie
2516 4741 50 31 an
2608 4733 68 40 den
2718 4731 164 50 Wahlen

1588 4785 63 52 ſich
1686 4785 225 53 betheiligen
1944 4785 157 49 können,
2133 4786 79 41 und
2244 4785 182 51 dieſelben
2460 4785 96 54 nicht
2588 4797 79 34 von
2686 4789 201 44 Männern

1589 4843 114 43 allein
1736 4842 196 54 vollzogen
1978 4842 127 50 ſehen,
2156 4842 56 42 die
2254 4843 222 51 einestheils
2516 4858 43 40 zu
2601 4857 95 42 ganz
2741 4851 143 38 andern

1586 4900 174 53 Zwecken
1793 4899 168 55 gewählt
1991 4898 92 52 ſind,
2117 4899 262 49 anderntheils
2410 4899 74 56 jetzt
2518 4902 113 53 ſogar
2662 4904 62 42 als
2757 4904 129 51 könig⸗

1588 4960 84 46 liche
1737 4957 145 42 Diener
1954 4957 95 48 nicht
2119 4956 104 50 mehr
2293 4956 57 42 die
2410 4958 62 53 für
2540 4959 81 43 eine
2659 4961 228 49 ſtändiſche

1589 5014 261 56 Wirkſamkeit
1904 5012 255 54 erforderliche
2192 5013 354 57 Unabhängigkeit
2599 5015 159 55 beſitzen.
2826 5017 58 53 In

1589 5072 141 43 kleinen
1758 5071 174 43 Städten
1956 5072 157 53 zumal,
2175 5081 63 32 wo
2280 5070 415 56 beförderungsluſtige
2725 5073 163 43 Amts⸗

1588 5129 286 53 aſſeſſoren
1924 5131 74 39 das
2048 5128 392 54 Bürgermeiſteramt
2485 5131 62 41 als
2603 5131 106 42 einen
2742 5131 147 46 Durch⸗

1589 5186 253 56 gangspunkt
1901 5184 99 46 ihrer
2060 5184 328 54 Dienſtlaufhahn
2451 5187 187 52 anſehen,
2711 5187 41 48 iſt
2813 5190 74 40 das

1588 5244 226 55 proponirte
1846 5242 323 51 Wahlverfahren
2202 5243 112 42 kaum
2343 5244 124 43 etwas
2502 5247 178 42 anderes,
2713 5247 62 40 als
2808 5245 81 42 eine

1588 5304 134 41 directe
1756 5300 247 53 Ernennung
2036 5301 108 48 durch
2179 5300 58 42 die
2267 5300 237 54 Regierung.
2566 5302 138 48 Unſrer
2734 5301 153 54 Haupt⸗

1587 5360 95 48 ſtadt
1715 5358 80 43 will
1827 5369 92 31 man
1954 5358 160 50 ſodann,
2146 5358 120 41 neben
2300 5362 84 38 dem
2417 5357 473 55 Magiſtratsdeputirten,

1588 5420 87 40 noch
1694 5415 20 42 2
1725 5415 267 52 Handel⸗oder
2006 5413 380 57 Gewerbetreibende
2404 5415 218 55 gewähren,
2641 5419 79 39 und
2740 5415 57 43 bei
2816 5417 73 42 die⸗

1591 5474 60 50 ſen
1684 5472 178 52 Wahlen,
1893 5471 117 54 ſowie
2044 5471 55 42 bei
2131 5474 63 39 der
2226 5472 105 42 eines
2352 5472 155 53 zweiten
2530 5473 294 55 Abgeordneten
2848 5474 38 42 in

1590 5530 233 54 Göttingen,
1841 5531 80 40 eine
1941 5527 132 55 gleiche
2096 5528 149 53 Anzahl
2263 5528 345 55 Bürgervorſteher
2663 5531 100 46 durch
2791 5533 96 39 das

1591 5587 131 44 Loos
1764 5587 62 42 als
1857 5585 157 49 Wähler
2048 5586 70 42 mit
2149 5585 239 54 heranziehn.
2450 5588 103 42 Man
2587 5587 80 53 ruft
2699 5588 80 49 alſo
2811 5590 74 40 das

1592 5644 114 47 Loos,
1752 5646 74 40 das
1858 5643 201 54 traurigſte
2091 5642 245 53 Hülfsmittel
2367 5643 57 43 bei
2456 5644 190 49 Wahlen,
2695 5645 114 50 ſogar
2840 5648 47 39 da

1593 5714 44 42 zu
1668 5700 142 54 Hülfe,
1855 5710 62 32 wo
1949 5699 97 47 nicht
2087 5700 144 42 einmal
2271 5701 107 50 mehr
2418 5701 57 42 die
2515 5700 176 44 revidirte
2724 5701 165 44 Städte⸗

1594 5763 181 50 ordnung
1807 5759 61 41 der
1889 5757 198 49 Mehrheit
2119 5757 58 50 ihr
2198 5756 113 50 Recht
2342 5769 42 41 zu
2416 5760 161 46 nehmen
2611 5758 62 52 ſich
2707 5759 183 52 bewogen

1592 5817 152 53 geſehen
1796 5814 81 55 hat.
1965 5815 101 42 Aber
2112 5815 88 48 auch
2212 5810 50 64 ſo
2326 5815 42 52 iſt
2408 5819 43 40 es
2482 5817 90 49 noch
2615 5816 96 49 nicht
2744 5827 147 43 genug:

1592 5877 41 39 es
1695 5872 145 54 müſſen
1900 5871 58 42 die
2017 5871 294 52 Abgeordneten
2390 5873 118 50 „auf
2565 5872 322 53 Lebenszeit⸗

1593 5929 169 57 gewählt
1822 5931 162 46 werden,
2040 5932 82 39 und
2183 5928 125 43 damit
2367 5930 151 54 gedenkt
2579 5942 93 31 man
2733 5929 159 49 wilklich

1592 5989 81 42 eine
1717 5985 285 54 lebensfähige,
2056 5985 275 55 unabhängige
2364 5988 234 54 Vertretung
2641 5990 63 41 der
2748 5988 144 42 Städte

1592 6057 42 42 zu
1680 6042 184 55 ſchaffen?
1924 6042 80 43 eine
2036 6043 254 54 Vertretung,
2351 6042 55 43 die
2454 6045 108 49 durch
2612 6046 73 41 das
2718 6044 173 48 Gewicht

1592 6102 97 51 ihrer
1758 6100 236 55 Intelligenz
2071 6099 114 44 allein
2267 6100 55 42 im
2382 6100 160 44 Stande
2610 6101 74 50 ſein
2746 6102 147 45 könnte,

1591 6159 57 43 bei
1686 6160 71 40 den
1798 6158 283 56 gemeinſamen
2141 6156 216 57 Intereſſen
2419 6161 63 39 der
2530 6158 222 51 ritterlichen
2815 6160 78 40 und

1592 6215 235 47 bäuerlichen
1876 6214 286 54 Grundbeſitzer
2223 6214 55 43 die
2339 6214 131 44 beiden
2531 6218 163 40 anderen
2746 6216 145 44 Curien

1593 6286 43 41 zu
1705 6274 231 52 überzeugen
2009 6279 79 35 und
2159 6275 71 39 das
2300 6272 116 50 Wohl
2491 6274 63 41 der
2624 6273 145 44 Städte
2848 6283 41 40 zu

1593 6329 286 55 vertheidigen?
1966 6329 85 44 Wir
2111 6329 180 54 glauben,
2353 6329 71 42 wie
2485 6330 143 55 geſagt,
2688 6331 97 50 nicht
2837 6341 50 30 an

1595 6388 55 42 die
1683 6386 328 54 Lebensfähigkeit
2071 6385 113 53 dieſer
2217 6386 238 55 Vorſchläge.
2518 6386 200 53 Dieſelben
2773 6387 118 50 ſtehen

1596 6446 186 53 übrigens
1843 6446 89 48 auch
1993 6443 71 42 mit
2111 6445 67 41 den
2223 6443 69 48 faſt
2338 6444 293 52 einſtimmigen,
2674 6447 82 40 dem
2802 6445 96 42 Ma⸗

1596 6504 133 54 giſtrat
1786 6500 118 54 ſeiner
1962 6499 86 53 Zeit
2105 6500 276 54 mitgetheilten
2446 6502 210 51 Wünſchen
2733 6503 157 50 unſeres

1596 6557 630 57 Bürgervorſteher⸗Collegiums
2285 6557 56 43 im
2395 6558 162 44 directen
2617 6558 274 49 Widerſpruch.

1598 6617 155 54 Freilich
1787 6616 161 51 ſcheinen
1983 6616 111 48 ſolche
2126 6615 180 52 Wünſche
2336 6614 96 44 nicht
2469 6616 147 41 einmal
2647 6618 68 40 den
2748 6615 144 44 Stadt⸗

1598 6676 160 42 director
1804 6672 130 51 Raſch,
1994 6673 150 45 welcher
2183 6674 39 40 in
2255 6671 102 54 jener
2390 6672 265 52 Commiſſion
2687 6672 208 48 weſentlich

1599 6729 229 57 mitgewirkt
1881 6728 77 52 hat,
2017 6729 220 57 geſchweige
2288 6731 99 43 denn
2420 6732 136 41 andere
2590 6731 306 55 Bürgermeiſter

1601 6788 339 56 umgeſtimmt
1881 6782 51 67 zu
1973 6786 136 48 haben.

1685 6859 17 27 *
1733 6857 206 52 Unſeren
1964 6850 187 63 Aufſatz
2184 6855 118 42 über
2323 6856 50 40 den
2393 6855 283 47 Miniſter
2700 6864 37 35 v.
2752 6855 150 45 Both⸗

1602 6928 96 30 mer
1731 6914 118 43 nennt
1880 6912 58 44 die
1975 6913 130 43 „Neue
2134 6906 290 65 Hannoverſche
2448 6906 182 65 Zeitung“
2666 6913 58 43 ein
2763 6912 136 53 „Zerr⸗

1603 6974 120 42 bild“.
1783 6971 85 43 Wir
1902 6970 123 43 haben
2059 6971 56 40 die
2147 6969 230 50 Thatſachen
2413 6972 111 40 reden
2557 6970 132 54 laſſen,
2721 6976 80 36 und
2823 6980 77 32 von

1604 7031 158 50 unſeren
1795 7028 231 50 Thatſachen
2060 7027 96 42 wird
2189 7026 40 43 in
2262 7030 62 39 der
2356 7026 68 51 faſt
2457 7029 80 40 vier
2552 7027 173 52 Spalten
2760 7028 140 53 langen

1604 7085 247 47 Lobrednerei
1884 7088 63 38 der
1986 7086 74 42 „N.
2093 7081 48 55 H.
2174 7082 71 54 Z.“
2312 7083 96 51 nicht
2469 7084 79 42 eine
2609 7083 141 55 einzige
2812 7084 89 47 auch

1604 7158 72 30 nur
1711 7142 200 53 beſtritten.
1954 7141 157 53 Freilich
2144 7142 90 43 auch
2267 7141 96 49 nicht
2395 7141 197 50 erwähnt!
2635 7141 92 43 Das
2754 7140 148 55 „Tage⸗

1583 7196 142 49 blatt“
1763 7200 42 54 (h
1834 7200 171 48 winſelte
2037 7198 141 45 neulich
2210 7197 55 43 im
2298 7200 154 42 Namen
2495 7202 62 38 der
2594 7199 304 50 „Civiliſation“

1605 7260 174 46 darüber,
1811 7256 73 50 daß
1918 7257 110 50 unſer
2058 7255 149 54 Aufſatz
2241 7256 164 46 erſchien,
2447 7256 90 49 noch
2570 7255 62 51 ehe
2667 7259 62 38 der
2765 7256 130 43 Mann

1579 7317 215 61 begraben
1828 7325 98 32 war.
1986 7313 88 43 Den
2106 7312 194 53 Vorwurf
2302 7308 63 74 der
2371 7312 227 49 Raſchheit
2629 7313 170 46 möchten
2832 7315 71 40 wir

1609 7378 78 39 uns
1721 7372 55 48 oft
1806 7371 216 43 verdienen.
2082 7368 93 51 Daß
2207 7375 109 38 unter
2357 7374 86 38 dem
2474 7370 166 50 Urtheile
2673 7371 89 41 über
2795 7370 106 42 einen

1608 7430 317 56 Abgeſchiedenen
1959 7427 57 43 die
2047 7427 348 55 Nachgebliebenen
2428 7428 135 46 leiden,
2597 7428 42 49 iſt
2675 7422 91 68 eine
2788 7426 116 51 Wahr⸗

1609 7489 85 52 heit,
1726 7487 130 45 welche
1889 7489 57 39 die
1979 7484 193 45 Lebenden
2206 7485 181 42 bedenken
2421 7486 161 53 mögen:
2615 7484 57 42 die
2694 7484 205 46 Lebenden,

1608 7547 129 48 welche
1770 7545 149 45 bedacht
1941 7544 75 50 ſein
2051 7542 150 54 mögen,
2233 7543 58 41 ein
2315 7541 239 51 ehrenvolles
2587 7544 79 39 und
2690 7541 212 42 dankbares

1609 7602 203 48 Andenken
1846 7603 61 40 als
1940 7598 195 53 Erbſchaft
2165 7601 68 39 den
2248 7598 165 55 Ihrigen
2447 7611 42 41 zu
2522 7598 254 55 hinterlaſſen.
2809 7598 94 43 Das

1609 7659 250 57 Privatleben
1894 7656 91 53 muß
2016 7659 118 47 ruben
2176 7658 89 49 nach
2327 7658 84 40 dem
2455 7656 135 43 Tode:
2651 7657 57 42 die
2770 7654 133 56 öffent⸗

1607 7723 85 50 liche
1725 7716 203 53 Laufbahn
1961 7714 183 44 verbleibt
2174 7717 63 38 der
2268 7713 308 55 Oeffentlichkeit.

1694 7779 89 42 Aus
1824 7778 64 40 der
1927 7776 77 47 „N.
2035 7771 49 54 H.
2117 7771 73 53 Z.“
2233 7770 105 52 ſehen
2372 7771 73 42 wir
2476 7770 203 51 übrigens,
2720 7767 73 53 daß
2833 7768 72 43 wir

1607 7840 39 42 in
1680 7830 226 57 Bothmer’s
1939 7831 127 52 Kranz
2098 7830 91 46 noch
2222 7829 58 42 ein
2313 7828 114 43 Blatt
2431 7821 40 70 zu
2531 7828 151 52 flechten
2714 7825 189 56 vergeſſen

1607 7898 138 55 haben.
1777 7893 54 45 Er
1862 7889 128 59 führte
2021 7888 90 62 auch
2129 7885 109 44 1831
2271 7880 83 77 die
2341 7885 380 54 Unterſuchung
2751 7893 155 45 gegen

1581 4210 98 53 ihrer
1712 4209 119 45 Mitte
1863 4209 187 51 überläßt,
2084 4211 70 42 wie
2188 4212 82 42 dies
2298 4211 55 42 die
2375 4210 145 50 Abſicht
2539 4218 61 40 der
2618 4215 287 58 Commiſſion

2926 276 74 57 die
3034 276 344 62 Gefangenen
3434 285 83 41 der
3568 284 291 59 Göttinger
3898 287 236 52 Unruhen
4174 311 55 9 —

2931 345 112 36 wenn
3076 349 95 33 man
3204 341 63 42 der
3304 343 74 41 „N.
3393 340 44 51 H.
3453 340 70 53 Z.“
3561 343 167 54 glauben
3760 346 126 44 wollte
3916 371 55 6 —
4005 348 98 42 „mit
4125 345 103 44 einer

2927 395 73 41 mit
3044 395 126 43 Milde
3221 401 208 50 gepaarten
3473 399 309 56 Gerechtigkeit.
3851 404 78 45 Die
3971 403 253 55 Gefangenen

2926 449 125 65 haben
3094 455 95 50 dieſe
3221 456 177 54 Vorzüge
3440 458 114 40 leider
3596 458 39 52 ſo
3684 461 125 50 wenig
3850 475 45 38 zu
3925 461 200 53 würdigen
4161 473 61 41 ge⸗

2930 507 118 53 wußt,
3079 509 73 52 daß
3193 511 46 50 ſie
3272 513 235 51 wiederholt,
3552 513 137 51 freilich
3734 515 199 55 erfolglos,
3978 520 108 48 durch
4127 517 95 51 Per⸗

2929 565 360 58 horreſcenzgeſuche
3329 593 57 8 —
3432 571 247 53 „tendenziös
3720 575 80 40 und
3841 575 381 55 wahrheitswidrig⸗

2928 629 119 36 nennt
3089 624 44 49 ſie
3166 625 56 42 die
3260 628 75 48 „N.
3367 627 48 52 H.
3447 625 72 54 Z.“
3555 652 54 7 —
3641 639 76 33 von
3761 629 80 48 ihm
3883 632 62 51 ſich
3987 647 43 41 zu
4063 632 160 50 befreien

2927 681 160 51 ſuchten,
3121 687 77 38 und
3231 683 71 49 daß
3345 684 44 52 ſie
3421 685 90 42 über
3552 688 74 40 das
3660 696 75 32 von
3775 687 80 51 ihm
3891 691 115 42 wider
4037 692 45 52 ſie
4116 690 110 44 beob⸗

2928 739 134 44 achtete
3095 739 214 51 Verfahren
3352 744 79 40 und
3466 743 96 49 ſeine
3594 742 233 55 Maßregeln
3875 746 57 42 die
3964 745 263 63 mannigfach⸗

2927 791 71 69 ſten
3004 795 291 54 Beſchwerden,
3326 799 138 47 freilich
3496 801 217 53 vergeblich,
3745 801 163 52 führten.
3969 803 78 53 Ihr
4085 807 142 44 trauri⸗

2927 856 68 51 ges
3028 853 184 53 Schickſal
3238 855 46 57 iſt
3316 856 174 44 bekannt.

3009 911 18 20 *
3061 912 152 42 Ueber
3246 913 74 42 die
3353 914 259 45 Elbbrücke
3644 915 81 53 ſoll,
3756 915 73 44 wie
3860 916 57 44 die
3954 916 268 57 „Hamburger

2926 968 160 48 Nachr.“
3145 968 202 51 „äußerem
3381 972 244 52 Vernehmen
3658 975 113 47 nach“
3831 973 162 51 melden,
4027 986 81 32 nun
4140 979 84 46 doch

2926 1027 62 39 der
3020 1025 168 55 Vertrag
3221 1027 170 51 zwiſchen
3424 1027 214 55 Hannover
3664 1033 79 39 und
3777 1031 204 56 Hamburg
4025 1033 200 43 unmittel⸗

2929 1081 66 43 bar
3026 1091 72 34 vor
3129 1082 274 54 Jahresſchluß
3438 1088 270 53 abgeſchloſſen
3742 1088 90 50 ſein.

3011 1140 17 18 *
3063 1140 105 43 Den
3191 1141 203 55 Beginn
3427 1144 82 42 der
3532 1145 696 55 Schwurgerichtsſitzungen

2928 1199 77 39 und
3038 1197 56 40 die
3128 1200 71 40 mit
3230 1197 159 58 Leitung
3430 1202 186 51 derſelben
3668 1203 268 55 beauftragten
3978 1203 250 50 Präſidenten

2927 1259 78 35 und
3057 1254 286 45 Stellvertreter
3390 1258 116 51 findet
3560 1271 91 31 man
3707 1264 111 40 unter
3867 1264 68 40 den
3992 1260 237 48 „Amtlichen

2928 1310 277 44 Nachrichten.“

3009 1369 17 17 *
3059 1367 135 53 (Zum
3229 1370 300 51 Poſtweſen,
3580 1375 114 42 oder
3739 1376 73 41 die
3853 1377 180 52 gerade
4076 1374 146 44 Linie

2926 1425 78 59 der
3035 1424 202 52 kürzeſte
3277 1427 147 57 Weg.)
3486 1430 58 54 In
3587 1435 63 39 der
3698 1433 174 54 „Tgsp.“
3922 1433 97 42 wird
4062 1433 161 42 darüber

2926 1481 126 65 Klage
3081 1482 164 53 geführt,
3279 1485 73 50 daß
3383 1488 40 41 in
3456 1489 71 41 den
3554 1489 172 47 Dörfern
3760 1486 351 50 Hudemühlen
4145 1492 78 40 und

2928 1537 303 66 Rinthagen
3281 1553 50 31 an
3378 1546 62 40 der
3480 1543 477 53 Hannover⸗Walsroder
4007 1544 213 51 Poſtſtraße

2924 1607 53 30 im
3011 1595 95 43 Amt
3137 1596 151 50 Ahlden
3321 1608 77 34 von
3440 1604 67 40 den
3542 1603 135 53 täglich
3711 1605 65 48 hin
3816 1607 81 40 und
3930 1604 63 49 her
4024 1603 198 52 durchfah⸗

2924 1657 137 38 renden
3095 1652 140 50 Poſten
3269 1655 97 59 nicht
3397 1658 238 52 Briefbeutel
3667 1662 215 54 abgegeben
3917 1664 163 45 werden,
4134 1661 86 45 ſon⸗

2925 1712 89 40 dern
3048 1713 71 39 alle
3152 1712 130 51 Briefe
3313 1714 63 49 für
3416 1715 46 51 ſie
3494 1716 91 43 über
3614 1717 153 52 Ahlden
3804 1718 127 55 gehen,
3980 1723 89 39 was
4101 1717 122 54 Zöge⸗

2925 1779 100 41 rung
3058 1771 78 38 und
3170 1769 138 47 Koſten
3341 1772 217 50 veranlaßt.
3590 1775 76 44 Ein
3699 1777 112 47 Brief
3841 1787 27 42 z.
3901 1775 51 44 B
3986 1786 78 32 von
4082 1776 135 44 Wals⸗

2924 1829 90 37 rode
3057 1826 88 48 nach
3177 1827 268 51 Hudemühlen
3479 1829 96 56 (1½
3610 1832 149 43 Meilen
3800 1843 79 33 von
3921 1835 183 41 einander
4137 1835 80 40 ent⸗

2923 1880 115 52 fernt)
3071 1884 86 53 geht
3188 1884 65 50 erſt
3285 1887 38 40 in
3369 1888 101 41 einer
3502 1890 119 43 Nacht
3662 1891 71 41 mit
3775 1892 60 40 der
3868 1890 91 49 Poſt
4001 1891 90 43 nach
4124 1889 95 44 Ver⸗

2925 1942 78 60 den,
3039 1953 63 28 am
3135 1941 201 53 folgenden
3359 1940 104 58 Tage
3498 1946 69 43 mit
3598 1951 59 37 der
3680 1947 218 50 Eiſenbahn
3932 1949 89 45 nach
4043 1947 178 53 Eyſtrup,

2924 2007 38 54 in
2996 1998 66 60 der
3090 1996 203 54 folgenden
3326 2001 119 47 Nacht
3478 2005 70 39 mit
3586 2008 62 37 der
3682 2004 91 48 Poſt
3804 2007 89 45 nach
3928 2004 187 46 Rethem,
4160 2015 64 31 am

2923 2053 203 54 folgenden
3160 2055 106 54 Tage
3301 2061 88 47 nach
3424 2059 148 52 Ahlden
3621 2064 78 39 und
3734 2065 105 39 dann
3872 2063 68 51 erſt
3972 2064 89 46 nach
4094 2060 128 53 Hude⸗

2928 2110 182 46 mühlen!

2947 2167 256 64 Einen
3237 2171 331 56 aufrichtigen
3606 2173 459 54 Neujahrswunſch
4092 2174 132 56 bringt

2924 2227 84 61 eins
3046 2228 57 39 der
3116 2228 376 59 „wohlgeſinnten“
3546 2231 267 45 Stadtblätter
3853 2234 39 42 in
3933 2236 60 40 der
4037 2232 187 53 Provinz,

2923 2284 128 39 indem
3086 2285 41 39 es
3159 2283 75 60 ſein
3269 2284 345 58 Neujahrsgedicht
3647 2291 158 54 beginnt
3837 2291 72 42 mit
3941 2293 68 39 den
4039 2290 184 44 Worten:

2981 2339 100 43 Was
3114 2340 66 43 ſoll
3213 2344 60 39 der
3306 2345 161 48 deutſche
3499 2346 133 43 Mann
3665 2347 54 43 im
3753 2350 134 42 Reuen
3913 2347 126 55 Jahre
4070 2347 125 49 thun?

2984 2396 54 43 Er
3070 2396 88 52 laſſe
3190 2398 57 42 die
3273 2398 144 50 Politik
3448 2403 122 43 ruhn!
4084 2445 2 2 .

2991 2452 287 52 Hildesheim,
3312 2458 30 30 3.
3381 2457 81 41 Jan.
3512 2459 165 43 (Wilde
3718 2460 175 45 Katzen.)
3942 2462 133 39 Geſtern
4113 2454 108 40 wurde

2926 2496 59 43 auf
3007 2507 83 25 einer
3115 2500 173 43 Treibjagd
3314 2503 33 34 in
3374 2504 51 33 der
3450 2503 90 41 Nähe
3566 2507 51 32 der
3655 2504 148 43 hieſigen
3827 2507 115 43 Stadt,
3991 2517 52 25 am
4078 2506 141 38 Lerchen⸗

2926 2543 100 52 berge,
3049 2547 70 49 eine
3146 2544 64 41 ſehr
3236 2547 91 40 ſtarke
3354 2548 176 40 männliche
3556 2551 95 34 wilde
3676 2552 89 46 Katze
3791 2552 180 44 geſchoſſen.
4019 2553 79 35 Das
4132 2555 91 40 ziem⸗

2927 2590 54 34 lich
3009 2589 124 44 häufige
3159 2591 167 42 Auftreten
3354 2596 49 33 der
3429 2596 119 35 wilden
3575 2597 88 46 Katze
3699 2599 32 32 in
3767 2602 52 30 der
3858 2598 135 45 hieſigen
4031 2599 130 43 Gegend
4189 2599 36 38 iſt

2928 2631 292 62 bemerkenswerth.
3270 2639 52 35 So
3350 2643 118 37 wurde,
3512 2642 97 41 außer
3651 2643 227 42 verſchiedenen
3921 2649 137 31 anderen
4101 2644 122 43 Fällen,

2928 2690 55 25 vor
3007 2679 154 59 einigen
3169 2683 129 42 Jahren
3333 2687 43 33 im
3419 2687 213 42 Walshäuſer
3672 2689 130 36 Reviere
3844 2692 156 38 ebenfalls
4044 2689 57 42 auf
4140 2691 85 35 einer

2927 2726 172 45 Treibjagd
3126 2730 49 32 ein
3202 2728 65 43 ſehr
3293 2732 116 42 großes
3436 2733 170 43 Exemplar
3632 2736 119 41 erlegt;
3801 2746 52 24 am
3878 2735 261 45 Tosmer⸗Berge
4174 2737 50 33 ein

2931 2776 116 39 ganzes
3073 2774 71 39 Neſt
3170 2775 63 34 voll
3257 2775 115 44 junger
3398 2781 33 32 in
3459 2780 98 34 einem
3586 2781 115 38 hohlen
3728 2782 113 34 Baum
3868 2786 280 41 ausgenommen;
4184 2785 44 31 im

2928 2814 176 59 Sorſumer
3125 2814 134 59 Reviers
3286 2822 65 42 auf
3375 2825 50 33 der
3464 2825 308 43 Schnepfen⸗Suche
3806 2828 50 35 ein
3896 2828 64 41 ſehr
3995 2828 109 40 ſtarker
4129 2828 100 34 Kater

2929 2872 63 45 von
3019 2867 68 32 dem
3112 2866 242 42 Hühnerhunde
3378 2878 38 35 zu
3443 2870 128 35 Baume
3599 2871 105 43 gejagt
3744 2875 66 33 und
3849 2876 114 42 erlegt;
4010 2873 45 35 im
4096 2874 132 43 vorigen

2929 2916 157 47 Sommer
3112 2921 51 24 am
3189 2914 141 42 Itzumer
3354 2915 96 44 Holze
3476 2918 134 33 Abends
3645 2918 59 43 auf
3727 2921 66 33 dem
3819 2920 162 39 Anſtande
4007 2920 66 33 eine
4099 2919 130 35 kleinere

2929 2956 96 34 wilde
3049 2958 87 39 Katze
3163 2957 184 45 geſchoſſen;
3385 2966 66 30 und
3489 2964 115 38 endlich
3639 2964 68 35 kam
3733 2973 57 27 vor
3818 2970 146 39 wenigen
3990 2966 135 37 Wochen
4151 2966 75 34 wie⸗

2930 3004 109 32 derum
3066 3002 61 43 auf
3148 3005 82 34 einer
3256 3006 174 46 Treibjagd
3457 3009 66 35 eine
3559 3008 66 44 ſehr
3667 3011 96 44 große
3788 3020 67 34 vor,
3900 3014 47 33 die
3975 3012 75 34 aber
4076 3012 59 34 mit
4160 3014 68 32 dem

2930 3046 98 36 Leben
3054 3050 106 33 davon
3187 3051 78 35 kam.
3980 3058 55 42 (H.
4061 3058 39 34 A.
4126 3056 55 45 Z.)

3018 3096 17 64 *
3066 3094 191 60 Uelzen.
3292 3097 113 53 Daß
3446 3101 98 42 das
3584 3101 645 55 Bürgervorſteher⸗Col⸗

2932 3150 185 54 legium
3159 3157 266 55 gegenwärtig
3464 3159 88 47 ſtatt
3592 3163 76 38 aus
3700 3160 26 41 8
3757 3173 74 30 nur
3863 3165 77 40 aus
3960 3146 24 72 3
4031 3161 195 50 Perſonen

2933 3207 144 65 beſteht,
3113 3215 86 38 was
3233 3213 205 51 weſentlich
3460 3216 159 48 dadurch
3652 3218 225 47 verſchuldet
3910 3219 73 50 ſein
4018 3230 103 41 mag,
4154 3217 74 48 daß

2932 3267 57 63 die
3030 3266 117 65 letzte
3177 3269 174 46 Neuwahl
3395 3271 71 49 auf
3502 3275 70 39 den
3614 3272 66 42 23.
3715 3275 93 43 Dec.
3842 3277 177 54 angeſetzt
4060 3286 96 34 war,
4189 3275 42 49 iſt

2933 3322 117 65 ſeiner
3082 3322 85 53 Zeit
3199 3327 179 47 berichtet.
3440 3328 133 51 Nichts
3606 3332 270 53 deſtoweniger
3908 3328 98 47 aber
4048 3333 65 49 hat
4143 3342 88 33 vor⸗

2934 3379 282 69 ſchriftsmäßig
3279 3388 72 38 das
3404 3385 210 45 „Bureau“
3668 3390 67 42 des
3777 3389 249 54 Collegiums
4068 3389 163 55 gebildet

2936 3441 165 63 werden
3119 3439 158 66 müſſen,
3311 3445 77 39 und
3421 3444 38 46 ſo
3491 3444 43 49 iſt
3564 3445 98 42 denn
3688 3447 264 54 gegenwärtig
3985 3446 246 49 Wortführer

2935 3496 62 61 der
3029 3494 310 58 Mühlenbeſitzer
3371 3498 160 58 Flügge,
3577 3501 281 53 Schriftführer
3891 3503 230 51 Kaufmann
4155 3503 77 55 Tö⸗

2937 3549 102 55 bing,
3073 3552 288 45 Stellvertreter
3402 3555 74 52 für
3503 3556 105 55 jeden
3650 3561 115 51 dieſer
3798 3562 131 43 beiden
3976 3563 62 40 der
4080 3561 152 43 Brauer

2935 3606 265 54 Klappenbach
3234 3616 217 47 geworden.
3583 3659 2 3 z

3007 3664 192 49 Loxſtedt
3223 3669 46 33 bei
3297 3669 237 41 Geeſtemünde.
3582 3672 164 45 (Jund.)
3795 3674 69 35 Vor
3889 3674 118 43 einiger
4019 3674 72 43 Zeit
4115 3674 37 40 iſt
4171 3674 66 40 hier

2935 3709 50 34 bei
2998 3719 302 44 vorgenommenen
3328 3715 202 45 Grabungen
3557 3719 50 34 ein
3632 3718 88 43 Topf
3742 3720 59 35 mit
3845 3720 226 41 verſchiedenen
4114 3721 120 34 alten

2939 3755 156 45 Münzen
3158 3758 232 44 aufgefunden.
3998 3760 193 53 (Prov.⸗Z.)

3024 3804 17 18 *
3072 3802 314 69 Osnabrück,
3418 3808 40 42 3.
3491 3809 100 53 Jan.
3652 3811 160 43 Ueber
3841 3811 79 44 die
3954 3812 280 43 weiblichen

2940 3858 419 53 Fabrikarbeiter
3406 3867 38 40 in
3487 3869 61 39 der
3590 3867 127 44 Stadt
3757 3870 78 41 und
3868 3868 201 53 Feldmark
4099 3869 137 44 Osna⸗

2929 3916 113 44 brück
3072 3917 269 54 veröffentlicht
3371 3920 109 51 heute
3513 3926 62 38 der
3608 3924 214 54 Magiſtrat
3854 3927 71 41 mit
3957 3925 276 57 Zuſtimmung

2940 3975 60 62 der
3034 3975 344 55 Bürgervorſteher
3423 3983 81 38 und
3544 3980 307 55 Genehmigung
3892 3985 61 38 der
3995 3981 242 49 Landdroſtei

2940 4041 80 32 eine
3053 4032 260 54 Verordnung
3346 4046 92 31 vom
3470 4035 68 42 27.
3571 4046 37 33 v.
3635 4038 76 44 M.,
3744 4039 130 44 welche
3904 4039 97 47 nicht
4032 4039 115 43 allein
4181 4039 58 43 die

2939 4086 219 65 Zulaſſung
3188 4090 185 52 derſelben
3407 4093 38 41 in
3475 4090 81 54 jede
3587 4094 160 53 einzelne
3778 4095 151 52 Fabrik,
3963 4096 158 45 ſondern
4150 4097 88 49 auch

2938 4148 107 61 ihren
3086 4144 301 46 Lebenswandel
3427 4148 40 43 in
3511 4150 104 50 mehr
3657 4151 62 43 als
3773 4153 102 41 einer
3920 4150 163 52 Hinſicht
4136 4152 101 43 einer

2940 4202 151 52 ſtetigen
3125 4202 342 59 Beaufſichtigung
3499 4208 236 51 unterwirft.
3795 4208 85 44 Wir
3913 4211 149 40 werden
4090 4209 72 51 auf
4183 4210 57 42 die

2941 4258 368 65 Bekanntmachung
3341 4262 40 43 in
3423 4266 68 39 den
3533 4264 164 48 nächſten
3742 4265 133 54 Tagen
3918 4266 321 52 zurückkommen:

2941 4316 142 41 können
3116 4319 123 49 jedoch
3273 4319 105 49 ſchon
3411 4321 266 55 gegenwärtig
3709 4322 97 48 nicht
3837 4322 138 47 umhin
4016 4333 42 41 zu
4092 4323 145 42 bemer⸗

2940 4371 76 64 ken.
3050 4371 72 67 daß
3156 4374 173 49 dieſelbe,
3370 4387 91 42 mag
3504 4376 44 50 ſie
3587 4377 208 53 immerhin
3842 4382 76 40 aus
3960 4378 279 52 empfundenen

2943 4428 248 51 Misſtänden
3234 4430 339 57 hervorgegangen
3616 4434 75 49 ſein
3731 4438 80 40 und
3856 4436 196 49 denſelben
4094 4437 147 52 wenig⸗

2942 4485 98 47 ſtens
3073 4485 201 57 theilweiſe
3307 4487 184 51 äußerlich
3525 4490 186 52 abhelfen,
3744 4493 87 46 doch
3865 4492 37 43 in
3936 4493 56 42 die
4018 4493 223 53 perſönliche

2942 4541 166 66 Freiheit
3139 4544 48 42 in
3212 4545 122 43 einem
3367 4546 131 43 Grade
3532 4547 198 54 eingreift,
3770 4550 152 45 welcher
3953 4549 90 43 über
4084 4553 73 41 das
4198 4551 39 43 in

2943 4611 122 53 einem
3096 4599 258 50 Rechtsſtaate
3386 4603 179 57 zuläſſige
3598 4604 103 50 Maß
3734 4610 77 39 uns
3845 4609 79 48 ſehr
3956 4607 90 43 weit
4076 4607 166 51 hinaus⸗

2942 4657 191 54 zugreifen
3167 4658 132 51 ſcheint
3330 4663 78 39 und
3441 4661 55 43 die
3537 4661 291 45 Arbeiterinnen
3873 4664 94 53 ohne
4010 4665 231 50 Unterſchied

2942 4715 67 40 des
3042 4714 132 43 Alters
3205 4717 39 41 in
3277 4718 107 44 mehr
3424 4719 62 41 als
3528 4717 101 44 einer
3661 4720 221 55 Beziehung
3928 4720 70 45 wie
4028 4722 101 56 ewig
4164 4723 77 44 Un⸗

2945 4771 184 56 mündige
3162 4773 212 45 behandelt.
4148 4793 54 32 f

3027 4829 112 43 Das
3208 4829 758 60 Bürgervorſtehercollegium
4027 4835 68 52 hat
4153 4848 86 43 zum

2941 4886 329 64 Worführer
3201 4882 78 72 den
3305 4888 75 44 Dr.
3412 4888 143 50 André,
3597 4902 44 40 zu
3681 4891 119 55 deſſen
3844 4892 290 43 Stellvertreter
4166 4898 68 38 den

2943 4943 198 50 Kirchrath
3173 4943 129 57 Hugo,
3344 4957 84 37 zum
3473 4947 278 52 Schriftführer
3802 4952 69 39 den
3922 4949 134 54 Bäcker
4098 4950 143 44 Drein⸗

2942 4999 118 53 höfer,
3092 5013 44 40 zu
3168 5002 119 54 deſſen
3321 5003 285 45 Stellvertreter
3637 5007 68 40 den
3741 5005 102 42 Adv.
3876 5005 121 55 Graff
4025 5008 172 52 erwählt.

3026 5057 207 63 Emden,
3251 5058 42 41 3.
3310 5059 101 54 Jan.
3443 5060 70 53 Zu
3540 5063 77 42 der
3655 5053 320 71 Zuſtimmung
3986 5053 259 71 gadreſſe,

2941 5114 130 46 welche
3103 5116 129 47 früher
3263 5129 49 30 an
3345 5117 123 52 Herrn
3510 5128 38 34 v.
3581 5119 219 54 Bennigſen
3845 5120 38 42 in
3917 5120 222 55 Beziehung
4172 5122 72 53 auf

2942 5172 57 42 die
3031 5173 266 55 Erklärungen
3339 5183 93 35 vom
3473 5175 39 41 8.
3545 5175 113 53 April
3696 5185 38 34 v.
3767 5176 45 53 J.
3854 5177 211 53 abgeſandt
4097 5181 144 47 wurde,

2942 5229 269 54 veröffentlicht
3244 5232 56 42 die
3336 5231 143 48 „Oſtfr.
3511 5232 116 55 Ztg.“
3663 5235 89 47 noch
3783 5234 250 52 nachträglich
4065 5236 175 52 folgende

2944 5286 140 47 fernere
3118 5287 629 57 Beitrittserklärungen;
3787 5291 59 43 ein
3878 5290 171 53 Zeichen,
4082 5292 73 52 daß
4187 5296 57 40 die

2947 5343 124 48 Sache
3104 5347 84 40 dort
3220 5345 137 43 immer
3390 5348 89 46 noch
3511 5347 299 55 fortwirkt:

3011 5401 124 35 Gutsb.
3162 5402 39 33 A.
3228 5410 28 26 v.
3284 5402 90 35 Glan
3409 5405 67 33 und
3512 5404 134 35 Landw.
3681 5404 43 34 S.
3752 5412 29 25 v.
3808 5404 92 35 Glan
3939 5408 63 32 aus
4028 5405 215 44 Mariencoer,

2944 5445 85 42 Kfm.
3063 5446 39 42 H.
3130 5447 43 35 G.
3200 5448 191 44 Mennenga
3425 5459 30 24 a.
3481 5449 163 41 Ditzumer
3670 5450 145 41 Verlaat,
3852 5450 127 35 Gutsb.
4004 5451 39 41 H.
4070 5452 174 40 Mensbolt

2944 5503 28 22 a.
3000 5493 139 43 Ditzum,
3168 5493 125 35 Gutsb.
3318 5495 37 41 J.
3381 5494 37 42 F.
3444 5495 200 35 Groeneveld
3670 5505 29 24 a.
3714 5495 240 44 Coldemüntje,
3980 5496 132 37 Landw.
4139 5497 39 36 E.
4205 5498 37 42 F.

2945 5539 199 35 Groeneveld
3171 5549 29 25 a.
3227 5540 243 40 Böhmerwold,
3505 5541 131 36 Landw.
3671 5541 39 35 K.
3735 5542 38 34 K.
3800 5542 162 34 Ansmink
3996 5552 29 24 a.
4052 5543 191 42 Aaltukerei,

2944 5585 96 34 Rent.
3082 5585 39 35 E.
3145 5584 37 42 J.
3209 5585 152 35 Diddens
3388 5596 29 24 a.
3445 5586 127 41 Bunde,
3610 5586 121 36 Müller
3756 5587 37 42 F.
3818 5587 40 41 H.
3884 5588 158 41 Feenders
4068 5599 29 23 a.
4124 5589 121 35 Steen⸗

2932 5629 102 44 felde.
3072 5631 125 33 Gutsb.
3223 5631 37 42 H.
3289 5632 43 34 G.
3359 5631 111 41 Ditzen
3505 5642 29 25 a.
3560 5632 229 41 Stapelmoor,
3825 5633 133 35 Landw.
3982 5633 41 43 H.
4050 5634 43 35 B.
4117 5634 125 41 Hopkes

2946 5687 29 23 a.
3001 5677 136 35 Bunder
3162 5676 190 42 Hammrich,
3379 5678 87 42 Kfm.
3492 5678 44 36 S.
3551 5678 112 36 Sikkes
3690 5689 29 24 a.
3738 5678 231 45 Heinitzpolder
3995 5681 66 33 und
4079 5679 164 37 Oekonom

2946 5723 41 42 P.
3014 5723 42 34 O.
3083 5723 116 40 Peters
3226 5732 28 24 a.
3281 5723 155 45 Terborg.

3013 5769 275 40 (Verbrechen
3314 5772 85 31 und
3426 5768 371 45 Unglücksfälle.)
3850 5770 10 16 *
3884 5769 250 43 Hannover.
4184 5771 61 43 Bei

2946 5817 50 32 der
3017 5814 260 41 Pioniercaſerne
3301 5814 118 45 ſprang
3445 5823 32 27 vo
3492 5815 128 44 geſtern
3647 5816 48 34 ein
3718 5814 263 45 Dienſtmädchen
4006 5817 34 34 in
4067 5817 48 35 die
4138 5816 111 43 Leine;

2946 5860 59 33 wie
3031 5870 76 24 man
3133 5859 70 44 ſagt
3228 5862 33 32 in
3287 5861 100 42 Folge
3414 5862 86 33 eines
3527 5861 358 45 Liebesverhältniſſes;
3922 5864 108 33 wurde
4054 5862 103 44 jedoch
4184 5871 63 27 von

2948 5908 101 33 einem
3075 5905 219 45 Unteroffizier
3320 5909 138 41 gerettet.

3279 5999 255 47 Amtliche
3577 6000 360 47 Nachrichten.

3017 6057 429 43 Bekanntmachuug.
3522 6058 68 36 Der
3638 6058 134 45 Anfang
3821 6061 51 33 der
3919 6056 330 46 ſchwurgerichtlichen

2950 6103 177 45 Sitzungen
3154 6102 51 40 für
3231 6105 61 33 das
3320 6104 71 40 erſte
3416 6106 148 33 Quartal
3598 6105 23 33 k.
3647 6105 35 41 J.
3709 6105 36 38 iſt
3786 6105 47 34 bei
3874 6107 57 31 den
3958 6104 293 45 Schwurgerichts⸗

2952 6148 91 43 höfen
3069 6159 37 31 zu
3133 6148 95 39 Telle,
3255 6149 107 35 Stade
3388 6154 66 29 und
3481 6152 113 35 Aurich
3622 6150 61 39 auf
3704 6151 157 42 Montag,
3889 6153 56 31 den
3974 6153 43 37 3.,
4053 6151 33 34 in
4112 6151 136 41 Hanno⸗

2950 6205 60 27 ver,
3040 6194 180 42 Göttingen
3247 6198 65 32 und
3339 6197 198 40 Hildesheim
3565 6195 58 40 auf
3651 6190 125 55 Montag
3807 6198 56 32 den
3892 6198 63 36 10.,
3982 6198 67 32 und
4074 6205 36 34 zu
4136 6197 116 35 Osna⸗

2949 6241 99 33 brück
3073 6239 57 43 auf
3155 6241 169 36 Mittwoch
3368 6244 57 32 den
3462 6245 52 30 12.
3541 6242 93 42 März
3660 6243 23 32 k.
3708 6242 36 40 J.
3782 6241 168 44 feſtgeſetzt,
4001 6244 66 31 und
4108 6241 67 41 ſind
4212 6252 37 33 zu

2950 6286 506 44 Schwurgerichts⸗Präſidenten
3496 6292 65 30 und
3590 6291 92 31 deren
3708 6288 261 34 Stellvetretern
3997 6292 159 30 ernannt:
4205 6289 47 33 bei

2951 6337 68 29 dem
3045 6332 348 43 Schwurgerichtshofe
3419 6343 37 33 zu
3482 6334 113 38 Aurich
3622 6337 51 30 der
3698 6333 77 41 Herr
3800 6333 451 43 Obergerichts⸗Vice⸗Direc⸗

2953 6383 50 31 tor
3030 6378 202 44 Mühlenfeld
3259 6383 66 30 und
3352 6381 92 41 bezw.
3472 6381 51 31 der
3548 6379 79 41 Herr
3647 6379 296 42 Obergerichtsrath
3970 6379 109 35 Bader
4105 6378 145 42 daſelbſt;

2954 6425 46 33 bei
3025 6427 68 31 dem
3118 6434 36 34 zu
3181 6424 85 36 Celle
3307 6428 49 30 der
3393 6425 78 42 Herr
3497 6425 411 39 Ober⸗Appellationsrath
3936 6426 38 32 v.
3991 6425 96 42 Hugo
4114 6425 47 32 II.
4187 6428 65 31 und

2953 6473 93 40 bezw.
3071 6474 51 30 der
3147 6471 79 40 Herr
3251 6471 298 44 Obergerichtsrath
3576 6471 142 34 Reinecke
3752 6469 150 45 daſelbſt;
3942 6472 46 33 bei
4015 6473 65 31 dem
4107 6479 36 35 zu
4171 6471 82 34 Göt⸗

2954 6517 109 42 tingen
3090 6521 51 29 der
3165 6516 78 42 Herr
3269 6517 296 43 Obergerichtsrath
3592 6518 145 42 Rebberg
3764 6520 66 31 und
3857 6518 94 41 bezw.
3977 6518 52 32 der
4053 6517 78 41 Herr
4151 6517 100 35 Ober⸗

2955 6563 206 45 gerichtsrath
3190 6562 134 48 Cramer
3350 6571 29 26 v.
3406 6563 203 41 Clausbruch
3637 6561 148 46 daſelbſt;
3835 6562 46 34 bei
3922 6566 66 30 dem
4015 6572 37 32 zu
4078 6563 175 40 Hannover

2956 6612 49 30 der
3032 6608 76 42 Herr
3134 6608 410 41 Ober⸗Appellationsrath
3570 6616 29 26 v.
3627 6609 134 43 Düring
3802 6609 33 34 in
3871 6608 85 35 Celle
3991 6613 64 29 und
4083 6609 82 41 bezw
4203 6611 51 31 der

2955 6656 74 39 Herr
3056 6655 297 39 Obergerichtsrath
3380 6655 99 34 Witte
3513 6655 33 33 in
3573 6655 193 42 Hannover;
3816 6654 47 36 hei
3898 6656 67 31 dem
3991 6663 36 33 zu
4054 6654 200 40 Hildesheim

2957 6705 52 29 der
3033 6700 79 40 Herr
3136 6700 487 42 Obergerichts⸗Vice⸗Director
3640 6700 90 35 Neuß
3757 6701 67 33 und
3851 6701 94 41 bezw.
3971 6703 51 31 der
4047 6700 78 41 Herr
4151 6701 101 33 Ober⸗

2956 6747 207 42 gerichtsrath
3188 6745 155 42 Quenſell
3369 6745 148 44 daſelbſt;
3545 6747 47 34 bei
3619 6749 68 31 dem
3713 6755 36 30 zu
3764 6745 188 35 Osnabrück
3976 6748 51 32 der
4045 6747 78 37 Herr
4148 6746 102 34 Ober⸗

2956 6791 394 45 gerichts⸗Vice⸗Director
3376 6792 223 42 Pagenſtecher
3626 6795 67 31 und
3719 6793 94 39 bezw.
3839 6793 51 33 der
3915 6791 78 40 Herr
4019 6791 237 43 Obergerichts⸗

2957 6839 72 36 rath
3057 6839 148 38 Luthmer
3232 6837 148 43 daſelbſt;
3429 6838 48 34 bei
3519 6838 69 34 dem
3626 6847 37 33 zu
3689 6838 108 34 Stade
3836 6839 51 32 der
3912 6837 79 41 Herr
4017 6838 238 42 Obergerichts⸗

2958 6884 240 35 Vice⸗Director
3247 6883 107 44 Oberg
3398 6887 66 31 und
3492 6885 91 41 bezw.
3626 6886 52 32 der
3717 6883 78 41 Herr
3830 6883 298 42 Obergerichtsrath
4156 6882 99 42 Goſe⸗

2958 6929 85 40 wiſch
3071 6928 142 43 daſelbſt.
3262 6929 96 41 Celle,
3387 6931 56 32 den
3470 6932 54 31 28.
3551 6930 172 35 December
3749 6930 99 32 1861.
3886 6929 76 34 Das
3988 6927 186 44 Präſidium
4202 6930 54 33 des

2957 6976 189 40 königlichen
3181 6975 551 43 Ober⸗Appellations⸗Gerichts.
3789 6982 29 27 v.
3845 6974 151 44 Düring.
4054 6983 29 26 v.
4108 6973 149 45 Röſſing.

2961 7031 30 26 v.
3015 7022 103 43 Pape.

3468 7066 277 44 Regulativ,

2959 7115 60 33 das
3045 7114 67 33 An⸗
3146 7114 68 33 und
3239 7111 165 41 Abfahren
3439 7114 51 33 der
3516 7113 208 38 Königlichen
3751 7110 195 43 Equipagen
3982 7112 67 33 und
4075 7110 53 34 der
4154 7108 102 44 Equi⸗

3048 7165 102 37 pagen
3178 7158 181 42 überhaupt
3383 7159 44 34 im
3453 7158 207 45 Königlichen
3687 7156 272 42 Reſidenzſchloſſe
3985 7155 180 40 betreffend.

3025 7205 155 36 Nachdem
3216 7205 159 37 nunmehr
3396 7196 20 55 5
3455 7203 77 41 reſp.
3569 7205 67 33 An⸗
3671 7206 67 32 und
3764 7202 180 40 Abfahrten
3978 7203 43 33 im
4048 7200 206 45 Königlichen

2957 7248 268 45 Reſidenzſchloſſe
3255 7251 149 41 beſtehen,
3430 7249 32 45 ſo
3488 7249 67 44 ſind
3582 7249 76 36 über
3683 7251 93 33 deren
3802 7249 190 44 Benutzung
4018 7246 147 45 folgende
4192 7246 65 36 Be⸗

2961 7297 215 43 ſtimmungen
3203 7295 152 41 erlaſſen:

3026 7343 31 40 §.
3087 7345 29 30 1.
3164 7342 61 34 Bei
3253 7339 238 46 Geſellſchaften
3524 7340 35 35 in
3595 7341 52 33 der
3680 7340 130 43 zweiten
3837 7339 103 42 Etage
3966 7341 56 31 des
4048 7337 208 45 Königlichen

2960 7386 291 45 Reſidenzſchloſſes
3277 7387 110 41 fahren
3413 7386 191 42 ſämmtliche
3630 7386 206 43 Equipagen,
3883 7384 100 42 ſowol
4010 7386 47 32 die
4083 7387 51 32 der
4159 7385 100 33 Aller⸗

2960 7434 135 38 höchſten
3122 7432 213 43 Herrſchaften
3370 7435 60 32 wie
3464 7434 49 32 die
3539 7434 55 31 des
3621 7430 168 44 Gefolges,
3824 7439 74 26 vom
3924 7430 334 44 Friederiken⸗Platze,

2959 7480 118 40 Portal
3103 7479 58 34 Nr.
3185 7480 28 31 I.
3239 7489 67 30 vor,
3337 7483 66 29 und
3438 7479 104 38 ſtellen
3576 7477 54 44 ſich
3658 7479 47 33 die
3730 7478 193 43 Equipagen
3958 7486 55 35 zur
4038 7476 140 42 Abfahrt
4203 7475 59 40 auf

2963 7529 67 30 dem
3058 7526 95 39 erſten
3179 7523 198 42 Schloßbofe
3403 7523 67 42 auf.

3027 7572 32 40 §.
3085 7576 31 29 2.
3174 7571 64 34 Die
3274 7571 194 43 Equipagen
3502 7570 53 34 der
3588 7568 284 42 Staatsminiſter,
3910 7569 55 33 des
3999 7565 260 41 diplomatiſchen

2959 7617 120 40 Corps,
3107 7619 52 31 der
3184 7615 162 42 Perſonen
3374 7619 51 31 der
3450 7616 62 32 III.
3538 7613 223 44 Rang⸗Klaſſe
3788 7617 67 30 und
3881 7616 55 31 des
3962 7612 208 44 Königlichen
4196 7612 65 41 Ho⸗

2959 7662 46 40 fes
3032 7661 111 42 fahren
3170 7663 44 33 im
3240 7660 201 46 vorgeſetzten
3469 7661 88 43 Falle
3592 7670 62 25 von
3682 7662 51 31 der
3760 7658 279 44 Friedrichsſtraße
4075 7659 40 33 ab
4142 7667 42 25 an
4210 7661 50 30 der

2960 7708 90 36 Leine
3076 7709 134 40 entlang
3236 7716 58 27 vor
3320 7710 61 32 das
3407 7707 121 43 Portal
3552 7707 58 35 Nr.
3635 7706 63 44 V.;
3732 7706 48 33 die
3805 7704 140 44 Abfahrt
3969 7703 101 44 findet
4095 7704 90 40 durch
4212 7704 49 33 die

2962 7753 245 42 Mühlenſtraße
3232 7753 86 42 ſtatt.
3764 7771 2 2 .

3027 7801 31 40 §.
3084 7802 31 31 3.
3164 7799 69 34 Alle
3260 7802 137 31 anderen
3423 7799 127 43 Wagen
3579 7796 114 42 fahren
3728 7802 65 28 von
3818 7796 52 33 der
3896 7794 179 42 Leinſtraße
4101 7795 40 33 ab
4168 7796 94 32 unter

2961 7845 46 35 die
3034 7845 131 35 Säulen
3191 7844 120 39 Portal
3336 7844 64 33 III.
3425 7847 67 33 und
3518 7843 123 36 bleiben
3666 7843 35 34 in
3722 7839 124 45 Betreff
3868 7839 94 46 dieſer
3988 7841 47 35 die
4061 7840 199 43 beſtehenden

2959 7891 212 45 polizeilichen
3196 7889 229 46 Vorſchriften.

4297 6621 107 47 noch
4435 6619 76 42 viel
4541 6628 44 41 zu
4615 6615 230 46 unbeachtet.

4350 290 32 42 §.
4407 292 31 32 4.
4486 288 96 44 Dieſe
4615 289 268 46 Beſtimmungen
4914 294 125 35 werden
5076 291 175 47 gleichfalls
5286 301 54 38 zur
5366 294 219 47 Anwendung

4282 335 156 42 kommen,
4463 343 95 27 wenn
4594 337 50 33 die
4670 336 239 42 Geſellſchaften
4942 343 34 31 in
5011 343 53 32 der
5099 341 31 32 1.
5156 340 103 40 Etage
5294 345 54 31 des
5376 341 211 45 Königlichen

4282 381 293 45 Reſidenzſchloſſes
4603 382 195 42 ſtattfinden,
4840 388 65 30 und
4940 386 87 43 fährt
5061 387 89 35 dann
5180 388 62 32 das
5263 386 134 43 Gefolge
5425 393 50 31 der
5493 390 95 41 Herr⸗

4283 427 143 44 ſchaften,
4453 430 130 33 welches
4609 429 43 33 im
4671 428 207 44 Königlichen
4897 431 122 43 Wagen
5042 433 156 36 befördert
5215 433 92 38 wird,
5336 434 117 38 Portal
5472 437 58 35 Nr.
5545 438 43 32 V.

4284 483 67 32 vor,
4379 477 39 32 da
4445 476 33 32 in
4504 473 111 44 dieſem
4642 475 90 40 Falle
4757 484 63 26 nur
4854 477 48 33 die
4927 477 213 46 Herrſchaften
5175 479 49 35 die
5249 479 69 35 An⸗
5352 484 66 31 und
5445 483 142 44 Abfahrt

4287 520 119 41 Portal
4432 521 59 35 Nr.
4515 521 27 33 I.
4570 521 157 42 benutzen.

4352 568 31 40 §.
4409 569 32 31 5.
4490 567 82 34 Eine
4590 566 221 41 Abänderung
4838 566 94 39 dieſer
4950 567 264 48 Beſtimmungen
5241 570 99 44 findet
5367 571 83 39 ſtatt,
5492 580 94 30 wenn

4284 611 49 33 die
4358 612 224 41 Allerhöchſten
4618 615 66 31 und
4711 612 146 42 Höchſten
4884 611 212 43 Herrſchaften
5130 618 34 34 in
5199 619 160 43 einzelnen
5394 616 109 43 Fällen
5538 623 48 33 die

4285 656 155 42 Einfahrt
4466 659 118 39 Portal
4610 659 59 34 Nr.
4694 659 58 32 IV.
4788 667 63 25 von
4879 661 51 32 der
4957 659 176 42 Leinſtraße
5165 665 38 31 ab
5230 666 157 42 benutzen,
5424 665 38 32 da
5499 666 87 34 dann

4284 703 48 34 die
4358 705 68 32 An⸗
4452 709 66 29 und
4545 704 140 41 Abfahrt
4711 705 118 39 Portal
4858 704 57 35 Nr.
4940 705 41 32 V.
5009 706 81 34 nicht
5117 707 119 45 benutzt
5261 715 124 30 werden
5411 711 95 34 kann.

4352 750 29 40 §.
4407 753 30 30 6.
4487 751 77 35 Das
4591 752 119 39 Portal
4745 753 51 32 der
4822 752 67 34 An⸗
4915 751 67 34 und
5008 751 140 39 Abfahrt
5180 753 58 41 ſoll
5272 757 32 33 in
5340 759 57 32 den
5425 757 159 45 einzelnen

4283 793 111 45 Fällen
4419 795 158 43 jedesmal
4604 797 60 40 auf
4687 800 56 31 den
4772 796 361 44 Einladungsanſagen
5161 800 166 41 bezeichnet
5352 801 74 43 ſein.

4352 841 184 43 Hannover,
4552 846 32 31 2.
4598 844 83 41 Jan.
4697 845 99 32 1862.
4835 845 73 34 Aus
4924 842 217 44 Königlichem
5154 843 432 46 Oberhofmarſchall⸗Amte.

4632 1033 609 49 Vermiſchtes.

4369 1107 17 17 *
4418 1100 293 54 Hannover.
4791 1102 82 42 Der
4921 1110 76 34 von
5049 1101 122 51 Herrn
5220 1102 368 51 Domänenpächter

4288 1160 158 52 Rehſe
4478 1171 42 43 zu
4539 1157 268 48 Rotenkirchen
4840 1161 201 54 zugeſagte
5062 1159 162 55 Beitrag
5257 1169 78 34 von
5372 1162 81 41 100
5478 1164 107 50 Thlr.

4288 1217 60 47 für
4381 1218 55 42 ein
4472 1215 574 52 Marſchner⸗Denkmal
5087 1218 41 45 iſt
5168 1220 79 39 uns
5290 1218 140 54 gütigſt
5462 1223 124 52 einge⸗

4289 1274 109 49 ſandt
4430 1281 77 36 und
4550 1285 77 32 von
4663 1275 78 40 uns
4783 1273 141 42 bereits
4968 1274 83 41 dem
5087 1274 280 54 Schatzmeiſter
5408 1281 66 38 des
5507 1279 79 43 Co⸗

4289 1329 138 49 mite’s,
4458 1332 121 50 Herrn
4612 1330 169 45 Bankier
4814 1330 153 51 Adolph
5002 1331 149 49 Meyer,
5192 1333 188 52 zugeſtellt
5412 1336 171 43 worden.

4371 1411 51 7 —
4457 1389 58 51 In
4555 1389 230 55 Ingolſtadt
4825 1389 42 48 iſt
4914 1392 84 38 dem
5031 1391 107 45 durch
5181 1388 95 51 ſeine
5317 1389 266 53 Disputation

4289 1445 71 42 mit
4393 1444 75 44 Dr.
4500 1445 136 52 Luther
4669 1446 206 43 bekannten
4908 1444 168 55 Johann
5110 1446 65 44 Eck
5206 1447 58 41 ein
5298 1447 193 44 Denkmal
5524 1463 62 41 ge⸗

4288 1502 86 53 ſetzt,
4411 1509 78 36 und
4521 1512 100 42 zwar
4652 1505 40 43 in
4726 1510 62 36 der
4818 1501 356 56 Liebfrauenkirche,
5221 1514 61 32 wo
5325 1516 36 31 er
5394 1507 188 53 begraben

4286 1558 103 55 liegt.
4466 1559 58 43 Es
4583 1561 63 45 hat
4709 1561 57 43 die
4814 1560 121 54 Form
4993 1560 104 43 eines
5154 1560 428 54 Sacramentshauſes,

4282 1614 57 42 40
4380 1614 86 55 Fuß
4508 1614 102 54 hoch.
4676 1619 73 44 Bei
4792 1623 62 38 der
4904 1618 187 50 natürlich
5138 1619 231 53 tedenziöſen
5413 1620 172 45 Einwei⸗

4286 1672 421 54 hungs⸗Feierlichkeit
4747 1687 83 33 war
4871 1675 59 44 ein
4976 1674 136 56 großer
5142 1674 324 56 Zuſammenfluß
5506 1689 78 34 von

4287 1730 219 52 Menſchen.

4375 1788 289 53 Tübingen,
4708 1786 37 40 1.
4787 1789 97 52 Jan.
4970 1790 84 43 Der
5100 1788 95 46 „St.
5238 1789 27 54 f.
5306 1790 89 45 W.“
5443 1791 139 46 meldet

4287 1845 83 43 Der
4403 1843 106 42 1851
4545 1847 75 39 aus
4653 1842 196 56 Erlangen
4883 1847 145 52 hierher
5063 1847 174 52 berufene
5270 1847 197 56 Profeſſor
5499 1859 78 34 von

4284 1903 160 48 Gerber,
4477 1901 151 45 welcher
4669 1901 159 52 zugleich
4860 1906 72 41 das
4965 1905 254 53 Kanzleramt
5250 1907 61 40 der
5331 1907 245 50 Univerſität,

4282 1961 113 52 zuerſt
4442 1958 62 44 als
4537 1958 257 52 Vicekanzler,
4842 1956 74 58 jetzt
4961 1965 61 40 als
5074 1961 200 50 wirklicher
5304 1961 163 55 Kanzler
5519 1965 61 41 be⸗

4282 2016 139 45 kleidet,
4456 2017 97 43 wird
4574 2015 215 53 Tübingen
4823 2027 44 41 zu
4887 2017 133 47 Oſtern
5055 2020 121 52 dieſes
5194 2019 154 54 Jahres
5382 2021 195 54 verlaſſen,

4285 2086 65 31 um
4385 2074 122 43 einem
4540 2073 101 53 Rufe
4675 2074 87 47 nach
4795 2072 106 53 Jena
4933 2085 43 41 zu
5007 2077 140 55 folgen,
5195 2087 64 33 wo
5261 2068 45 68 er
5361 2076 55 44 die
5453 2076 125 45 Stelle

4283 2130 106 44 eines
4431 2130 223 55 Profeſſors
4696 2133 66 39 des
4804 2131 189 49 deutſchen
5033 2133 136 53 Rechts
5212 2138 80 40 und
5326 2133 151 52 Rathes
5510 2147 64 31 am

4284 2188 545 54 Ober⸗Appellationsgericht
4861 2187 253 52 übernehmen
5148 2191 111 43 wird.
5309 2192 84 43 Der
5411 2192 172 56 Abgang

4284 2246 118 51 dieſes
4444 2245 329 54 ausgezeichneten
4817 2244 159 50 Lehrers
5026 2246 95 42 wird
5170 2249 78 42 eine
5294 2252 130 45 ſchwer
5455 2261 43 42 zu
5531 2262 54 31 er⸗

4285 2305 153 53 ſetzende
4470 2301 106 45 Lücke
4608 2302 40 42 in
4681 2301 171 51 unſerem
4885 2300 224 55 Lehrkörper
5141 2304 314 55 hervorbringen.

4366 2384 55 8 —
4453 2359 240 50 Nachrichten
4724 2359 63 42 der
4812 2358 138 44 „Mitt.
4969 2359 71 52 Z.“
5078 2363 76 39 aus
5182 2361 223 57 Heidelberg
5437 2363 149 55 zufolge

4284 2418 66 50 ſoll
4383 2417 94 52 Herr
4499 2417 235 51 Heinrich
4768 2425 37 33 v.
4824 2416 211 54 Gagern
5070 2416 201 49 bedenklich
5298 2421 165 43 erkrankt
5496 2420 89 52 ſein.

4366 2498 56 7 —
4452 2473 196 53 Profeſſor
4680 2471 76 44 Dr.
4789 2483 38 32 v.
4860 2472 123 51 Gräfe
5014 2472 96 55 hofft
5142 2476 53 40 im
5214 2475 171 53 Februar
5418 2477 64 52 ſich
5516 2490 65 39 zur

4283 2531 279 55 vollſtändigen
4594 2529 173 56 Heilung
4793 2530 67 51 für
4892 2530 153 55 längere
5076 2530 87 52 Zeit
5205 2533 89 49 nach
5325 2534 153 52 Italien
5521 2536 62 42 be⸗

4290 2590 116 55 geben
4439 2600 44 43 zu
4517 2589 160 42 können.

4371 2646 182 48 Gotha,
4584 2644 67 42 29.
4686 2644 92 43 Dec.
4853 2644 76 43 Am
4970 2644 69 41 28.
5072 2646 79 42 und
5181 2643 67 43 29.
5284 2645 96 43 Dec.
5419 2649 167 50 verſam⸗

4286 2704 111 43 melte
4447 2703 63 50 ſich
4558 2708 62 37 der
4660 2714 63 40 zur
4755 2701 380 55 Geſchäftsführung
5179 2709 92 36 und
5300 2703 161 54 Leitung
5518 2707 69 40 des

4286 2761 260 49 Turnweſens
4607 2762 110 46 durch
4778 2761 56 40 die
4884 2758 186 53 Deutſche
5102 2759 265 53 Turnerſchaft
5411 2760 175 52 berufene

4287 2816 366 53 Centralausſchuß.
4742 2815 82 53 Zur
4855 2816 242 55 Erledigung
5138 2817 134 43 kamen
5316 2817 273 54 nachfolgende

4332 2887 143 30 ragen:

4292 2874 32 55 S
4356 2888 42 84 9
4417 2929 237 45 Organiſation
4680 2931 55 33 des
4762 2928 217 44 Ausſchuſſes.
5049 2932 35 39 2)
5126 2930 193 44 Abhaltung
5361 2933 55 31 des
5453 2930 142 42 nächſten

4288 2978 178 39 Deutſchen
4493 2976 207 42 Turnfeſtes:
4749 2985 54 24 um
4842 2977 108 33 beiden
4988 2975 147 36 Städten
5170 2977 123 43 Leipzig
5332 2980 65 31 und
5423 2976 170 46 Nürnberg

4288 3026 115 40 gerecht
4429 3033 36 34 zu
4492 3027 136 36 werden,
4655 3023 109 32 wurde
4791 3020 189 44 beſchloſſen,
5018 3025 60 31 das
5105 3022 67 42 Feſt
5200 3024 87 31 1863
5314 3023 33 33 in
5374 3023 123 43 Leipzig
5525 3025 69 42 (zur

4287 3068 193 44 50jährigen
4505 3069 88 41 Feier
4633 3071 51 31 der
4710 3067 148 41 Schlacht
4884 3069 47 33 bei
4957 3067 139 44 Leipzig)
5140 3070 66 32 und
5234 3071 87 31 1865
5360 3070 33 32 in
5419 3069 172 43 Nürnberg

4287 3118 70 40 (ur
4404 3113 193 44 50jährigen
4645 3113 90 43 Feier
4784 3117 50 31 der
4875 3113 148 39 Schlacht
5072 3114 47 34 bei
5158 3114 183 43 Waterloo)
5390 3116 202 42 abzuhalten.

4290 3165 36 38 3)
4351 3160 424 43 Jahn⸗Denkmals⸗Frage.
4847 3158 50 36 Es
4922 3158 56 44 ſoll
5017 3162 68 31 dem
5111 3159 190 44 Begründer
5344 3164 51 31 der
5434 3161 158 39 deutſchen

4289 3206 179 40 Turnkunſt
4493 3206 64 34 kein
4584 3205 332 40 Kunſt⸗Monument,
4964 3204 134 41 ſondern
5133 3206 49 33 ein
5210 3205 175 43 Malhügel
5412 3209 63 31 aus
5501 3207 92 41 Fels⸗

4293 3253 128 39 blöcken,
4448 3252 106 37 welche
4581 3260 64 25 von
4672 3253 58 32 den
4754 3250 149 37 Turnern
4930 3253 64 32 aus
5020 3251 82 34 allen
5128 3251 131 38 Tbeilen
5278 3251 237 38 Deutſchlands
5542 3261 53 35 ge⸗

4290 3299 93 39 ſandt
4408 3302 125 30 werden
4575 3300 66 30 und
4667 3297 59 33 mit
4751 3298 57 32 den
4835 3296 192 44 Inſchriften
5055 3298 51 32 der
5131 3295 208 45 betreffenden
5366 3297 133 35 Vereine
5524 3307 68 25 ver⸗

4289 3344 87 43 ſehen
4403 3343 90 42 ſind,
4536 3343 138 40 errichtet
4698 3345 135 32 werden.
4906 3342 252 44 Sammlungen
5190 3347 72 29 oder
5288 3342 152 44 Beiträge
5467 3342 51 43 für
5544 3344 49 34 die

4291 3389 136 42 deutſche
4451 3390 108 41 Flotte
4600 3393 71 30 oder
4698 3391 60 30 das
4784 3388 365 41 Hermanns⸗Denkmal
5184 3387 96 42 ſollen
5306 3388 99 42 jedem
5432 3390 162 41 einzelnen

4291 3434 175 44 überlaſſen
4494 3433 76 42 ſein.
4617 3435 36 38 4)
4678 3433 319 44 Geſchäftsordnung
5022 3432 52 44 für
5100 3436 60 32 das
5187 3433 116 38 nächſte
5324 3435 75 41 Feſt.
5447 3437 36 39 5)
5509 3435 88 34 Sta⸗

4292 3483 78 40 tiſtit
4395 3484 66 31 und
4486 3479 194 42 Turnkreiſe.
4741 3478 216 42 Deutſchland
4995 3482 111 32 wurde
5146 3482 33 31 in
5217 3482 41 30 14
5282 3480 182 36 Turnkreiſe
5489 3482 114 41 einge⸗

4292 3529 109 38 theilt,
4450 3526 51 42 für
4541 3526 108 36 welche
4675 3525 285 43 Bevollmächtigte
5003 3527 64 32 aus
5110 3528 68 31 dem
5205 3524 296 42 Centralaueſchuß
5528 3527 65 33 und

4294 3574 187 43 Mitglieder
4507 3571 222 41 verſchiedener
4754 3570 251 37 Turnverbände
5028 3579 55 35 zur
5099 3569 242 45 Ausfertigung
5366 3580 63 25 von
5449 3581 146 33 genauen

4292 3619 192 41 Statiſtiken
4509 3619 36 33 in
4570 3617 89 44 ihren
4687 3617 235 43 Turngebieten
4950 3620 139 31 ernannt
5113 3619 145 31 wurden.
5306 3616 66 42 Für
5390 3617 204 39 Oeſterreich:

4291 3666 98 36 Krickl
4415 3668 62 31 aus
4504 3664 114 41 Wien;
4653 3661 51 41 für
4731 3664 145 33 Baiern:
4902 3662 132 41 Weber;
5070 3661 51 43 für
5147 3662 202 41 Schwaben:
5376 3662 140 43 Georgi;
5544 3661 52 43 für

4293 3716 58 30 den
4376 3710 197 38 Oberrhein:
4601 3708 149 44 Gießler;
4798 3707 51 44 für
4876 3710 57 32 den
4960 3708 226 37 Mittelrhein:
5226 3709 184 41 Wilhelmi;
5459 3708 51 40 für
5537 3710 58 32 den

4295 3757 226 37 Niederrhein:
4561 3755 53 35 W.
4640 3755 207 42 Angerſtein;
4907 3753 52 43 für
5002 3756 56 32 den
5100 3753 206 42 Nordweſten
5340 3753 257 41 Deutſchlands:

4294 3805 98 40 Lion;
4433 3801 50 40 für
4508 3800 190 43 Kurheſſen:
4727 3799 281 42 Boppenhauſen;
5058 3798 49 43 für
5139 3800 208 41 Thüringen:
5372 3800 221 41 Hausmann;

4292 3849 51 40 für
4370 3846 140 40 Sachſen
4537 3849 66 31 und
4628 3845 110 43 preuß.
4763 3845 144 44 Provinz
4933 3844 164 41 Sachſen:
5124 3844 95 45 Götz;
5254 3843 51 46 für
5331 3844 263 44 Brandenburg:

4293 3894 63 37 Dr.
4383 3892 204 44 Angerſtein;
4636 3890 52 43 für
4714 3891 176 39 Pommern
4918 3893 66 31 und
5010 3891 246 42 Mecklenburg:
5298 3891 64 33 Dr.
5388 3891 206 43 Angerſtein;

4292 3940 51 41 für
4379 3937 159 41 Schleſien
4572 3939 68 31 und
4673 3935 82 40 ſüdl.
4792 3935 123 41 Poſen:
4943 3936 131 42 Röpell;
5124 3935 51 44 für
5201 3935 150 41 Preußen
5376 3939 66 31 und
5468 3935 127 41 Poſen:

4295 3986 62 34 Dr.
4382 3982 220 44 Friedländer.
4648 3981 96 41 Htrth
4770 3989 64 26 von
4861 3981 113 41 Gotha
5010 3984 108 31 wurde
5146 3981 203 43 beauftragt,
5388 3985 58 30 den
5471 3982 147 43 Frage⸗

4295 4033 102 40 bogen
4423 4025 249 45 auszuarbeiten
4714 4027 65 33 und
4799 4029 95 31 dann
4920 4031 58 30 den
5019 4028 159 40 einzelnen
5205 4026 310 43 Bevollmächtigten
5539 4036 57 32 zur

4295 4075 205 42 Ausfüllung
4524 4082 37 34 zu
4586 4071 127 42 ſenden.
4774 4075 35 32 6)
4836 4072 99 34 Statt
4960 4071 199 44 Turnpäſſen
5186 4076 67 29 und
5278 4072 193 43 Zeugniſſen
5499 4073 95 39 ſollen

4297 4131 60 25 nur
4384 4121 73 38 noch
4485 4118 134 39 einfache
4644 4116 294 44 Beſcheinigungen
4964 4119 135 42 gegeben
5125 4120 137 31 werden.
5311 4119 34 39 7)
5372 4118 129 34 Turnen
5529 4118 66 33 und

4297 4166 133 41 Politik.
4479 4164 77 34 Das
4574 4163 131 35 Turnen
4730 4163 82 33 kann
4840 4172 61 24 nur
4927 4165 87 32 dann
5040 4162 81 40 ſeine
5146 4164 115 38 reichen
5275 4162 128 43 Früchte
5430 4162 166 42 entfalten,

4296 4221 95 26 wenn
4417 4213 34 32 es
4477 4211 53 32 als
4548 4209 112 35 Mittel
4686 4209 165 39 betrachtet
4876 4209 90 38 wird,
4993 4211 67 31 dem
5077 4209 198 34 Vaterlande
5300 4217 98 35 ganze
5422 4213 65 30 und
5514 4208 83 38 tüch⸗

4295 4261 65 40 tige
4379 4256 144 35 Männer
4548 4264 38 33 zu
4611 4255 147 41 erziehen,
4784 4253 136 43 jedwede
4946 4254 156 40 politiſche
5116 4254 250 42 Parteiſtellung
5390 4253 102 45 jedoch
5519 4253 77 43 muß

4297 4311 55 27 den
4378 4301 241 37 Turnvereinen
4646 4300 52 33 als
4723 4298 119 43 ſolchen
4868 4299 69 42 fern
4963 4300 133 34 bleiben.
5145 4300 64 35 Die
5235 4300 152 42 Bildung
5421 4301 86 33 eines
5532 4299 69 35 kla⸗

4297 4359 54 25 ren
4378 4345 182 43 politiſchen
4585 4345 144 39 Urtheils
4753 4345 38 38 iſt
4815 4344 103 40 Sache
4943 4347 66 32 und
5035 4345 116 44 Pflicht
5177 4348 54 31 des
5258 4345 160 43 einzelnen
5434 4346 164 34 Mannes.

4296 4397 35 40 8)
4357 4392 163 40 Leitfaden
4545 4390 52 44 für
4621 4391 48 33 die
4694 4389 158 40 deutſchen
4877 4389 226 43 Turnſchulen.
5151 4392 35 40 9)
5212 4390 193 36 Turnlehrer
5429 4394 67 31 und
5512 4391 85 34 Vor⸗

4298 4436 243 42 turner⸗Curſe.
4611 4435 116 42 Hierzu
4767 4440 133 29 wurden
4940 4435 180 43 empfohlen
5156 4436 52 42 für
5234 4436 145 35 Baiern:
5427 4436 175 41 München,

4300 4488 61 33 das
4387 4480 272 41 mittelrbeiniſche
4684 4481 132 36 Gebiet:
4841 4480 153 41 Neuſtadt
5020 4491 29 24 a.
5075 4483 29 32 d.
5122 4481 52 42 H.,
5198 4480 52 44 für
5276 4483 47 33 die
5349 4483 118 33 andern
5494 4482 108 34 Turn⸗

4296 4530 111 44 kreiſe:
4446 4529 126 40 Berlin,
4599 4527 135 43 Leipzig,
4760 4526 151 35 Dresden
4935 4536 38 25 ꝛc.
5037 4529 58 38 10)
5121 4527 65 34 Die
5212 4527 265 43 „Turnzeitung“
5504 4531 95 30 unter

4300 4582 49 30 der
4376 4576 179 35 Redaction
4581 4582 63 25 von
4672 4572 63 35 Dr.
4762 4572 76 44 Götz
4863 4573 33 33 in
4923 4573 121 41 Leipzig
5071 4575 109 31 wurde
5207 4575 52 32 als
5286 4573 114 41 Organ
5427 4575 55 32 des
5509 4573 120 41 deut⸗

4298 4623 82 40 ſchen
4405 4619 216 43 Turnweſens
4648 4618 145 36 erwählt.
4843 4620 57 40 11)
4925 4617 242 44 Aufforderung
5194 4627 41 25 an
5263 4619 47 33 die
5335 4619 183 42 Regierung
5544 4617 54 44 für

4299 4664 545 44 Turnlehrer⸗Bildungsanſtalten
4893 4667 66 31 und
4995 4663 210 43 Einführung
5255 4666 54 32 des
5335 4665 153 34 Turnens
5524 4662 75 40 nach

4301 4713 166 41 deutſchem
4493 4712 142 42 Syſtem.
4686 4713 56 34 12)
4776 4709 199 44 Wehrfrage.
5023 4709 78 35 Das
5141 4709 132 35 Turnen
5309 4708 57 43 ſoll
5405 4708 198 44 Hauptſache

4302 4755 134 43 bleiben,
4461 4757 103 44 jedoch
4590 4756 82 34 wird
4698 4756 218 38 Wehrturnen
4942 4755 58 35 mit
5027 4753 245 45 Waffenübung
5291 4754 124 44 ſolchen
5442 4755 159 34 Vereinen

4306 4804 192 44 empfohlen,
4525 4803 108 37 welche
4659 4800 185 45 genügende
4869 4800 174 44 Lehrkräfte
5068 4799 133 47 beſitzen.
5408 4800 69 42 (Pf.
5501 4801 54 43 Z.)

4384 4851 135 49 Kiel,
4549 4846 69 43 29.
4652 4848 94 43 Dec.
4806 4847 68 53 Hr.
4906 4846 114 51 Prof.
5053 4847 76 43 Dr.
5161 4845 120 55 Fricke
5321 4846 42 49 iſt
5408 4850 62 40 als
5514 4848 82 42 Ge⸗

4301 4906 464 53 neral⸗Superintendent
4807 4907 89 47 nach
4938 4904 112 44 Wien
5096 4904 153 50 berufen
5282 4905 79 41 und
5394 4905 87 50 hat,
5529 4903 72 43 wie

4301 4978 93 30 man
4429 4966 96 45 hört,
4557 4973 303 41 angenommen.
4921 4960 104 44 Sein
5043 4960 206 55 Weggang
5282 4961 97 42 wird
5411 4961 87 48 auch
5517 4959 80 50 ſehr

4303 5021 221 54 ſchmerzlich
4579 5030 79 32 von
4718 5022 68 39 den
4850 5017 540 51 Guſtav⸗Adolph⸗Vereinen
5446 5017 157 50 unſeres

4302 5080 150 45 Landes
4485 5076 231 51 empfunden
4750 5077 165 47 werden,
4959 5078 48 39 da
5041 5087 35 30 er
5108 5075 63 42 als
5205 5074 180 44 Secretär
5417 5075 67 41 des
5518 5072 82 49 hol⸗

4302 5137 207 53 ſteiniſchen
4542 5133 319 53 Haupt⸗Vereins
4897 5127 70 48 mit
4992 5131 121 43 einem
5146 5131 162 51 ſeltenen
5340 5129 161 51 Geſchick
5521 5132 89 41 und

4303 5193 157 57 großem
4500 5192 140 54 Erfolg
4680 5190 40 43 in
4762 5191 114 49 dieſer
4922 5188 193 55 Richtung
5155 5188 155 59 gewirkt
5349 5187 79 49 hat.
5499 5181 102 74 Auch

4303 5259 60 35 der
4396 5249 246 51 holſteiniſche
4664 5246 331 44 Blinden⸗Verein
5029 5245 96 43 wird
5156 5246 39 42 in
5228 5244 82 52 ihm
5342 5243 105 43 eines
5480 5243 120 47 ſeiner

4303 5304 469 56 Vorſtands⸗Mitglieder
4804 5303 226 55 verlieren.
5314 5301 98 49 (Alt.
5444 5300 102 52 Mr.)

4390 5363 155 48 Bern,
4577 5361 69 41 30.
4679 5361 92 42 Dec.
4832 5359 196 54 Profeſſor
5059 5359 237 52 Munzinger
5327 5357 40 44 in
5400 5357 106 43 Bern
5540 5356 64 50 hat

4304 5425 84 40 dem
4447 5417 258 49 Bundesrath
4755 5417 56 43 die
4858 5417 261 51 Mittheilung
5169 5415 189 54 gemacht,
5404 5413 73 50 daß
5524 5413 81 50 ſein

4304 5480 176 45 Bruder,
4522 5476 77 43 Dr.
4643 5474 259 52 Munzinger,
4943 5473 63 52 ſich
5047 5483 77 32 von
5169 5474 62 40 der
5272 5471 225 54 Expedition
5537 5471 69 63 des

4303 5536 97 53 Hrn.
4433 5545 37 33 v.
4502 5533 167 54 Heuglin
4701 5533 38 41 in
4773 5530 133 53 Afrika
4937 5533 186 52 getrennt,
5156 5531 47 40 da
5236 5529 115 50 dieſer
5381 5529 134 54 lotztere
5546 5529 60 40 die

4303 5594 82 48 ihm
4417 5591 159 55 geſtellte
4608 5588 201 55 Aufgabe,
4851 5589 59 40 die
4942 5587 163 53 Spuren
5146 5594 76 35 von
5258 5586 72 42 Dr.
5361 5585 125 53 Vogel
5520 5583 85 52 auf⸗

4305 5650 186 51 zuſuchen,
4525 5647 55 42 bei
4600 5646 112 44 Seite
4746 5647 77 51 ſetze
4854 5647 79 39 und
4965 5643 64 53 ſich
5062 5655 73 32 nur
5168 5642 71 51 auf
5267 5643 103 51 ſchon
5390 5643 209 42 bekannten

4306 5708 143 53 Wegen
4489 5707 40 40 in
4562 5702 131 48 Afrika
4735 5702 266 50 herumtreibe.
5063 5701 76 43 Dr.
5172 5700 237 53 Munzinger
5444 5699 65 50 hat
5540 5696 65 65 ſich

4305 5776 81 31 nun
4419 5760 233 55 entſchloſſen
4686 5758 80 55 jene
4784 5759 178 50 Aufgabe
4994 5756 308 55 durchzuführen,
5333 5759 80 39 und
5446 5759 39 37 es
5508 5757 97 39 wird

4303 5822 82 46 ihm
4418 5817 297 53 wahrſcheinlich
4748 5826 79 33 von
4850 5815 114 44 Seite
4996 5817 67 41 des
5082 5815 36 42 in
5140 5814 260 50 Deutſchland
5420 5811 185 45 beſtellten

4306 5877 182 46 Comites
4527 5876 58 41 die
4616 5874 162 53 Leitung
4819 5875 64 42 der
4913 5873 232 54 Expedition
5179 5872 228 49 übertragen
5440 5870 166 40 werden.

4305 5935 97 44 Eine
4436 5934 196 51 Senduug
4681 5940 77 33 von
4793 5929 287 55 ausgeſtopften
5113 5927 160 55 Thieren
5309 5924 192 53 desſelben
5535 5923 70 55 ſoll

4310 6005 50 30 an
4402 5999 68 35 den
4504 5987 255 49 Bundesrath
4792 5988 222 52 unterwegs
5046 5985 90 52 ſein.

4390 6072 57 8 —
4476 6048 90 42 Aus
4599 6049 62 38 der
4692 6044 86 51 Cſik
4801 6043 335 53 (Siebenbürgen)
5158 6035 98 73 wird
5280 6039 220 65 gemeldet,
5532 6035 73 52 daß

4310 6118 90 33 man
4434 6105 114 50 dieſer
4580 6103 105 53 Tage
4718 6103 56 41 bei
4808 6099 288 54 Kazon⸗Ujfalu
5137 6097 91 54 zwei
5261 6096 172 47 Stiefeln
5468 6096 132 53 gefun⸗

4309 6168 82 40 den,
4433 6164 40 42 in
4515 6161 155 44 welchen
4713 6158 63 52 ſich
4818 6158 229 48 menſchliche
5081 6155 185 45 Uberreſte
5307 6154 91 46 noch
5439 6153 40 41 in
5513 6161 95 55 ganz

4309 6220 166 50 friſchem
4516 6217 191 54 Zuſtande
4746 6216 205 50 gefunden.
5011 6212 105 43 Man
5164 6211 229 50 vermuthet,
5426 6207 85 67 daß
5551 6211 58 39 die

4310 6278 127 48 Wölfe
4486 6275 110 43 einen
4630 6273 200 47 Menſchen
4878 6269 248 55 aufgefreſſen
5170 6267 139 51 haben.
5369 6267 85 45 Wir
5487 6267 122 48 haben

4310 6336 86 54 fügt
4428 6332 56 44 die
4521 6330 179 48 „Kronſt.
4733 6328 113 53 Ztg.“
4901 6327 127 50 hinzu,
5078 6336 79 32 von
5189 6325 122 51 dieſen
5345 6317 264 73 Raubthieren

4311 6394 54 41 bei
4400 6395 85 38 dem
4531 6388 180 52 heurigen
4757 6387 171 53 ſtrengen
4962 6384 150 42 Winter
5136 6382 105 48 ſehr
5285 6381 76 44 viel
5401 6393 43 43 zu
5474 6383 136 39 leiden.

4312 6450 76 43 Die
4421 6445 127 48 Wölfe
4579 6445 143 43 treiben
4769 6442 63 50 ſich
4877 6444 38 39 in
4961 6451 143 42 ganzen
5138 6440 155 43 Rudeln
5327 6451 66 29 um
5427 6441 57 39 die
5516 6436 94 44 Ort⸗

4315 6505 157 53 ſchaften
4508 6505 131 44 herum
4673 6502 77 41 und
4782 6499 141 53 fangen
4957 6498 206 50 beſonders
5197 6497 94 43 viele
5324 6495 137 65 Hunde
5493 6495 80 60 ab.

4395 6586 54 7 —
4479 6561 79 43 Die
4590 6560 223 52 Benutzung
4845 6558 66 40 des
4932 6553 256 57 Leuchtgaſes
5222 6554 62 43 als
5316 6550 216 55 Heizmittel
5563 6547 42 45 iſt

4922 6613 85 42 Und
5041 6614 86 47 doch
5160 6611 103 43 wäre
5297 6613 41 40 es
5371 6600 106 75 durch
5504 6604 106 67 Auf⸗

4313 6677 158 52 ſtellung
4505 6675 105 41 eines
4642 6670 257 51 Kochheerdes
4942 6669 70 43 mit
5045 6668 261 50 Gasheizung
5346 6668 57 40 ein
5425 6664 185 60 Leichtes,

4312 6733 79 53 jede
4423 6732 120 49 Küche
4576 6729 69 52 faſt
4684 6727 38 49 ſo
4764 6730 80 40 nett
4884 6726 71 43 wie
5000 6727 61 43 ein
5094 6725 360 45 Damen⸗Boudoir
5487 6721 124 49 herzu⸗

4315 6791 136 52 ſtellen,
4498 6788 96 41 allen
4637 6784 143 49 Rauch,
4830 6784 96 43 alles
4969 6783 109 54 Holz,
5127 6783 72 42 alle
5231 6781 121 49 Kohle
5392 6782 77 39 und
5502 6777 110 62 Aſche

4314 6842 314 57 auszuſchließen,
4658 6841 46 55 ſie
4737 6842 80 49 alſo
4851 6843 88 40 eben
4973 6842 38 51 ſo
5045 6840 185 63 wohnlich
5261 6849 43 42 zu
5337 6831 166 74 machen,
5527 6843 86 54 wie

4312 6905 103 52 jedes
4449 6902 189 52 Zimmer.
4726 6899 84 44 Der
4840 6897 212 50 Kochheerd
5093 6898 40 41 in
5176 6898 114 46 ſeiner
5321 6889 291 58 zweckmäßigen

4313 6960 122 52 Form
4468 6957 88 51 ſieht
4587 6968 97 45 ganz
4705 6958 72 42 wie
4801 6955 58 43 ein
4887 6956 173 49 hübſcher
5085 6954 100 52 Tiſch
5218 6955 97 45 aus;
5348 6951 124 48 mehre
5493 6947 123 43 runde

4313 7015 249 55 Oeffaungen
4603 7015 41 42 in
4685 7017 64 39 der
4789 7013 227 50 Tiſchplatte
5056 7011 70 44 mit
5166 7009 254 63 Drahtnetzen
5469 7003 146 47 bedeckt,

4314 7075 79 43 ſind
4426 7074 57 43 die
4516 7072 153 44 Stellen
4702 7071 62 48 für
4796 7070 56 42 die
4886 7069 221 51 Kochtöpse.
5195 7065 114 47 Dieſe
5351 7065 168 41 werden
5544 7057 73 69 auf

4315 7134 74 40 das
4424 7131 205 52 Drahtnetz
4659 7129 93 42 über
4784 7127 58 42 die
4883 7125 119 55 offene
5034 7126 179 52 Flamme
5245 7123 172 61 geſetzt.
5468 7117 145 67 Weiter

4317 7189 204 44 rückwärts
4555 7186 66 54 hat
4653 7188 63 40 der
4736 7184 102 52 Tiſch
4871 7185 109 41 einen
5003 7182 159 51 Aufſatz,
5193 7182 61 40 der
5287 7187 70 54 wie
5388 7186 59 57 ein
5480 7175 135 43 kleiner

4320 7244 173 46 Schrank
4525 7242 169 51 ausſieht
4726 7245 78 39 und
4837 7243 109 44 durch
4979 7239 57 43 ein
5069 7237 192 49 Thürchen
5294 7234 63 48 ſich
5391 7231 139 54 öffnet;
5561 7241 56 56 er

4318 7303 146 45 enthält
4493 7302 58 42 die
4583 7299 254 51 Bratröhren.
4900 7297 115 51 Dieſe
5035 7298 147 60 werden
5204 7292 87 42 eben
5324 7290 39 48 ſo
5396 7292 109 41 durch
5539 7299 80 53 eine

4317 7364 170 49 ſeparate
4519 7358 179 53 Flamme
4730 7355 120 52 erhitzt
4882 7354 73 43 wie
4993 7351 98 55 jeder
5129 7348 163 52 einzelne
5322 7341 198 78 Kochtopf,
5559 7348 60 39 die

4319 7420 206 51 Flammen
4569 7416 148 42 können
4763 7412 159 54 beliebig
4971 7411 132 42 kleiner
5146 7411 80 37 und
5275 7403 136 63 größer
5450 7402 170 56 gemacht

4317 7470 165 50 werden.
4542 7472 86 43 Der
4659 7480 117 44 ganze
4807 7469 180 53 Apparat
4995 7458 157 70 beſteht
5176 7458 59 70 aus
5293 7462 128 48 Eiſen.

4931 7568 19 14 a

4378 7632 89 46 Für
4492 7631 66 37 ein
4584 7624 472 47 Marſchner⸗Denkmal
5081 7622 143 46 ferner
5248 7623 309 47 eingegangen:

4319 7691 72 34 Aus
4418 7692 51 31 der
4497 7685 259 45 „Zauberflöte“,
4785 7685 109 35 dritter
4924 7683 136 43 Beitrag
5322 7684 19 31 2
5431 7699 22 7 —
5481 7690 32 39 gr
5540 7699 27 7 —
5586 7671 37 62 H§

4319 7736 76 35 Von
4421 7735 102 40 Herrn
4549 7732 52 34 M.
4628 7732 42 34 B.
4730 7755 9 9 .
4787 7753 8 9 .
4843 7754 8 9 .
4899 7753 9 8 .
4957 7752 8 8 .
5013 7752 9 8 .
5072 7751 8 9 .
5323 7730 15 30 1
5491 7750 16 14 „
5534 7745 45 7 —
5605 7748 18 15 „

4319 7782 73 35 Von
4421 7780 102 42 Herrn
4553 7778 36 35 E.
4621 7799 2 10 .
4670 7799 11 12 .
4729 7800 8 10 .
4786 7800 9 9 .
4842 7797 10 12 .
4898 7797 10 9 .
5241 7797 9 9 .
5322 7775 10 30 1
5366 7795 16 13 „
5421 7760 23 54 —
5475 7793 25 16 „
5529 7792 32 17 —
5604 7794 18 14 „

5243 7843 8 7 .
5279 7820 66 31 130
5382 7841 6 13 „
5427 7839 41 6 —
5494 7843 17 12 „
5547 7839 17 6 —
5581 7839 43 27 „

5240 7901 9 10 .
5276 7876 122 46 134
5381 7870 25 60 f
5436 7896 20 7 —
5483 7888 34 38 gr
5551 7897 20 8 —

4955 7797 8 10 j
4988 7793 172 70 Uebertrag
5184 7797 11 53 G

5009 7876 149 37 Summa
5183 7901 9 9 .
