5928 8263
79 186 5494 759 Zeitung für Norddeutſchland.
411 750 588 796 Sonntag.
185 842 855 893 1 Thlr. 19 Gr. incl. Poſtaufſchlag.
79 701 1005 774 Dieſe Zeitung erſcheint täglich, Mittags, außer
82 795 1006 870 Abonnements⸗Preis vierteljährlich praenumerando
79 891 998 962 Für die Stadt 1 Thlr. 10 Gr. incl. Bringerlohn.
81 937 1000 1008 Inſertions⸗Gebühr die geſpaltene Petitzeile oder deren
82 984 998 1052 Raum 1½ Gr., die 4ſpaltige Reclamenzeile 3 Gr.
86 1093 524 1252 Nr. 6675.
1903 759 3627 974 Hannoverſche Tagespoſt.
2148 1049 3401 1115 Haupt⸗Expedition, Redaction und Buchdruckerei: Georgstraße 3.
1980 1164 3536 1272 Hannover. Mittwoch den 16. November
4332 1110 5405 1158 Paris: Havas, Laffite & Co. Place de la Bourse.
4632 729 5490 783 Agenturen zur Annahme von Anzeigen.
4336 774 5498 837 Hamburg u. Frankfurt a. M. Haasenstein & Vogler
4337 833 5305 889 Berlin, Hamburg u. München: R. Mosse.
4336 879 5059 934 Braunſchweig: L. Oppenheim jn.
4335 925 4805 971 Bremen: E. Schlotte.
4332 971 5071 1027 Harburg: Elkan’ſche Buchhandlung.
4334 1018 4896 1064 Kaſſel: Th. Dietrich & Co.
4335 1064 5135 1116 Leipzig: H. Engler’s Annoncenbureau.
5092 1193 5389 1320 1870.
1435 6330 2673 6383 Auguſt erröthete verlegen, wie ein junges Mädchen. Das
1345 6562 1837 6614 Oheims ſpielen würde.
1346 6387 2668 6442 Bekenntniß: „ſie iſt eine Putzmacherin,“ fiel ihm doch
1346 6445 2670 6500 ſchwerer, als er gedacht hatte. Er ſah ſchon das höhniſche,
1344 6503 2668 6558 ſatiriſche Lächeln, das bei ſeiner Auskunft um die Lippen des
2745 5868 4058 5925 davon zu ſchweigen, daß es die größte Dummheit wäre,
2740 6041 3062 6093 glücklich leben.“
2740 5925 4054 5982 wenn Du eine Putzmacherin heirathen wollteſt, würdeſt Du
2738 5982 4054 6040 mit dieſem kalten, berechnenden Frauenzimmer nicht einmal
1435 6621 2668 6674 „Nun, Du beichteſt ſehr ungern, das läßt auf nichts
1350 6677 1716 6730 Gutes ſchließen.“
4164 1414 5487 1483 Lyon würde allerdings an den burgundiſchen Rebenhügeln
4163 1474 5485 1543 des Höhenzuges, der wegen ſeiner gelben Färbung den
4157 1940 5114 1992 aus über Nolay nah Autun wenden werde.
4162 1531 5485 1593 Namen Côte d’or trägt, entlang auf Chagny führen. Die
4161 1589 5483 1654 Franzoſen vermuthen aber, das Ziel des deutſchen Stoßes
4160 1647 5481 1702 ſei Nevers an der Loire, und General v. Werder werde von
4160 1706 5480 1769 Dijon aus durch das Ouche⸗Thal gehen und ſo in ſüdweſt⸗
4158 1764 5478 1830 licher Richtung die Straße über Autun nach Nevers zu ge⸗
4158 1822 5479 1885 winnen ſuchen, während nur ein Seiten⸗Detachement ſüd⸗
4158 1878 5474 1943 wärts marſchiren und, von Chagny abbiegend, ſich von Beaune
4243 2068 5459 2130 Aus Havanna wird telegraphiſch gemeldet: Am 12.
4143 3286 5459 3351 mit Maſchine von 130 Pferdekraft, während „Meteor“ 326
4155 2123 5480 2189 November ſiegreiches Gefecht zwiſchen dem preußi⸗
4141 3343 5457 3408 Tons hält und eine Maſchine von nur 80 Pferdekraft hat.
4155 2180 5460 2246 ſchen Kanonenboot „Meteor“, Kapitänlieutenant
4153 2239 5466 2306 Knorr, und dem franzöſiſchen Aviſo „Bouvet“.
4153 2297 5462 2362 Letzterer ſtark beſchädigt, flüchtete in den Hafen von Ha⸗
4151 2360 5472 2423 vanna, wohin vom „Meteor“ verfolgt. Verluſte des „Me⸗
4154 2415 5463 2480 teor“ zwei Todte, ein Verwundeter. — Der „Staats⸗Anz.“
4152 2474 5468 2539 bemerkt hierzu: Ueber das durch Kabel⸗Telegramm heute
4151 2533 5468 2595 gemeldete Seegefecht, welches zwiſchen dem norddeutſchen
4149 2588 5467 2655 Kanonenboot „Meteor“ und dem franzöſiſchen Aviſo „Bou⸗
4147 2648 5472 2711 vet“ in der Nähe von Havanna ſtattgehabt, fehlen noch die
4148 2706 5468 2770 näheren Details. Von dem General⸗Conſulat zu Havanna
4148 2763 5463 2831 ging geſtern die Meldung ein, daß „Meteor“ im Begriff
4148 2822 5462 2886 ſei, die im Gefechte ſtark beſchädigten, wahrſcheinlich theil⸗
4146 2881 5460 2948 weis weggeſchoſſenen Groß⸗ und Besanmaſt, ſowie drei Boote
4144 2943 5456 3002 zu repariren reſp. zu erſetzen, daß im Uebrigen aber das
4145 2995 5463 3065 Fahrzeug noch vollkommen gefechtsbereit ſei. Zum Verſtänd⸗
4145 3054 5454 3117 niß der Gefechtsverhältniſſe wird ſchon jetzt bemerkt, daß der
4143 3112 5461 3176 franzöſische Aviſo „Bouvet“ ein faſt doppelt ſo großes Fahr⸗
4143 3171 5461 3232 zeug als „Meteor“, wenn auch nur wie dieſes mit drei Ka⸗
4143 3230 5459 3291 nonen armirt. „Bouvet“ iſt ein Fahrzeug von 607 Tons
4136 3930 5448 3999 daß der Sturm der letzten Tage dieſelben übel mitgenommen hat.
4229 3471 5467 3535 Der „Hamburger Correſpondent“ meldet, daß die frei⸗
4137 3873 5451 3942 ſcheinen dieſelben nichts geſehen zu habe. Sehr möglich,
4141 3527 5457 3591 willige Küſtenwehr geſtern Morgen nach der Weſtküſte von
4142 3587 5458 3656 Schleswig⸗Holſtein abgegangen iſt. Dieſelbe hat gegen
4138 3646 5452 3708 früher einen Zuwachs an Mannſchaft erhalten. In Ham⸗
4139 3704 5452 3768 burg iſt der Lloyddampfer „Herrmann“ am 14. 9 Uhr
4139 3761 5454 3823 Abends, der Hamburger Dampfer „Cimbria“ am 15. um
4137 3816 5456 3885 6 Uhr Morgens eingetroffen. Von franzöſiſchen Kriegsſchiffen
4223 4064 5452 4128 Ueber die Uebergabe von Neubreiſach berichtet die
4136 4117 4435 4177 Karlsr. Ztg.:
4126 4822 5439 4880 Auch preußiſche Pioniere der Abtheilung 10 nahmen an der
4200 4171 5447 4236 Altbreisach, 12. Nov. Geſtern Morgen kurz nach 7 Uhr
4126 4868 4485 4915 Aufſtellung Theil.
4137 4222 5445 4280 begab ich mich auf das linke Rheinufer, um der Uebergabe der
4135 4267 5447 4327 Feſtung Neubreiſach beizuwohnen. Nachdem ich am Fort Mor⸗
4133 4315 5442 4372 tier vorüber war, ſah ich aus den Neubreiſach umgebenden Or⸗
4131 4361 5441 4421 ten die da geſtandenen Compagnien ſich ſammeln und die Feld⸗
4130 4406 5444 4467 artillerie ꝛc. ausrücken. Gegen ½9 Uhr wurden ſämmtliche
4130 4452 5443 4514 Truppen gegen Neubreiſach dirigirt. Am Straßburger Thore
4128 4501 5443 4561 angekommen, ſah ich dasſelbe durch eine Compagnie Landwehr
4130 4545 5440 4604 beſetzt, die rechts ünd links auf dem Glacis an dem Palliſaden⸗
4127 4590 5439 4650 Thor aufgeſtellt war. Aus den Bewegungen der Truppen war
4125 4637 5439 4700 ſogleich erſichtlich, daß ſich alle nach dem „Basler Thor“ zogen.
4127 4683 5436 4745 Vor dieſem ſtellte ſich die ganze Reſervediviſion Schmeling nebſt
4124 4731 5437 4792 der preußiſchen, baierſchen und badiſchen Feſtungsartillerie auf
4125 4776 5436 4837 dem Felde à cheval der Basler Straße in offenem Viereck auf.
4194 4915 5435 4976 Schon nach ½9 Uhr hörte man die Sammlungsſignale von
4117 5751 5433 5812 um 5 Uhr begann der Abmarſch nach Riegel. Die Offiziere
4122 4960 5435 5026 Tambouren und Horniſten in der Feſtung. Kurz nach 9 Uhr
4122 5010 5437 5070 begann der Ausmarſch der kriegsgefangenen Beſatzung mit
4117 5703 5431 5759 Geſchäft war hier erſt gegen ½5 Uhr Abends vollendet und
4122 5053 5436 5114 Waffen. Zuerſt die Artillerie, bei welcher ſich Oſſiziere und
4121 5100 5435 5160 Mannſchaften am ruhigſten und würdigſten benahmen; dann
4120 5147 5435 5208 Linie, Lanciers, Chaſſeurs à cheval, Mobil⸗ und Nationalgarden.
4122 5194 5434 5254 Auf dem Platze angekommen und in langer Linie aufgeſtellt —
4121 5241 5435 5303 ungefähr 5000 Mann — ſah man Einzelne noch ihre Waffen
4118 5287 5432 5348 vernichten, Tamboure die Trommelfelle zerſchneiden u. ſ. w.
4118 5379 5435 5439 müſſen. Als Alle aufmarſchiert waren — ertönte deutſcherſeits
4120 5333 5431 5394 Auch ein Offzier glaubte hier noch ſeinen Säbel zerbrechen zu
4120 5426 5432 5487 das Commando: „Stillgeſtanden: Gewehr auf! Achtung! Prä⸗
4119 5469 5436 5532 ſentirt das Gewehr!“ Nach dieſer Ehrenbezeugung, welche die
4118 5565 5432 5625 wachungsabtheilungen rücken an, und vom rechten Flügel be⸗
4117 5612 5429 5670 gann der Abmarſch der Gefangenen. Die eine Hälfte ſetzte am
4119 5657 5432 5719 Sponeck, die andere hier in Breiſach über den Rhein; dieſes
4118 5518 5430 5576 ſich ergebende Beſatzung erhielt, ſtreckte ſie die Waffen. Die Be⸗
380 5860 881 5941 ☋ Offene Augen.
451 6029 809 6072 (13. Fortsetzung.)
266 5952 989 6001 Novelle von Ludwig Habicht.
1353 5862 2675 5919 überhaupt nicht die Dinge, die ihm großes Kopfzerbrechen
1353 5919 2678 5975 machten. Mochte aber auch ſein Widerſtand etwas erſchüttert
1352 5977 2673 6034 ſein, der Neſfe war eine zu ehrliche Natur, um urplötzlich
1353 6152 2524 6202 Welt wird mich veranlaſſen, mein Wort zu brechen.“
1353 6035 2678 6094 einer einmal ergriffenen Sache untreu zu werden. „Ich bin
1352 6093 2678 6150 bereits mit Mathilde heimlich verlobt, und nichts auf der
1441 6206 2673 6267 „Wer iſt denn nun eigentlich dieſe Mathilde?“ fragte der
1351 6269 1770 6324 Juſtizrath ärgerlich.
1439 6737 2671 6791 „Du hast ſie ſchon geſehen, ſie iſt früher auch bei uns
1348 6912 2280 6966 durchaus keinen ſchlechten Geſchmack habe.“
1342 6794 2671 6849 ein⸗ und ausgegangen, und wenn Du Dich noch auf ſie be⸗
1344 6852 2669 6907 ſinnen kannſt, wirſt Du wenigſtens bekennen müſſen, daß ich
1439 6970 2669 7026 „Mathilde, Mathilde?“ wiederholte der Juſtizrath
1341 7026 2660 7086 nachſinnend, „doch nicht etwa die Putzmacherin meiner Frau?“
1427 7087 2478 7141 Der Referendar nickte vergnügt mit dem Kopfe.
1428 7146 2668 7201 Die Augen des Oheims nahmen wieder einen mitleidigen
1336 7440 1705 7495 deſten für Dich.“
1336 7203 2665 7259 Ausdruck an. „Du hätteſt keine ſchlechtere Wahl treffen
1334 7261 2663 7319 können,“ ſagte er ruhig. „Abgeſehen davon, daß ſie eine
1335 7318 2663 7379 Putzmacherin iſt und ich gegen dieſe Gattung eine gewiſſe
1335 7376 2664 7440 Abneigung habe, taugt gerade dieſes Geſchöpf nicht im Min⸗
1425 7495 2658 7554 „O, o!“ rief Auguſt abwehrend; er hielt mühſam an
1339 7613 2208 7675 „Du haſt ſie ja kaum flüchtig geſehen."
1332 7553 2655 7615 ſich, um ſeinen Oheim nicht eine derbe Antwort zu geben.
1425 7678 2656 7746 „Das genügt mir,“ entgegnete der Juſtizrath, legte die
1331 7738 2660 7802 Hände auf den Rücken und ſtarrte vor ſich hin, als wolle er
1327 7912 2655 7983 pern beſchatteten kalten Augen lauert nichts Gutes. Ganz
1329 7795 2660 7862 ſich das Bild jenes Mädchens zurückrufen: „Es iſt ein
1329 7854 2658 7922 ſtolzes, hochmüthiges Geſchöpf und in den von langen Wim⸗
2824 6099 4051 6158 Auguſt war auf die Pfeile des Spottes und Hohnes ge⸗
2735 6506 3356 6557 andere Beleuchtung erhielten.
2735 6156 4054 6218 faßt geweſen, um ſo tiefer war die Wirkung, die der unge⸗
2736 6215 4052 6269 wöhnliche Ernſt des Oheims auf ihn ausübte. Er kannte
2734 6274 4050 6330 aus Erfahrung deſſen ungewöhnlichen Scharfblick. Nachdenk⸗
2735 6330 4051 6391 lich ſtützte der junge Mann den Kopf in ſeine breite, plumpe
2735 6388 4052 6449 Hand, vielleicht erinnerte er ſich jetzt einzelner kleiner Züge
2733 6446 4044 6504 ſeiner Braut, die durch die Worte des Oheims plötzlich eine
2830 6565 4048 6621 „Ich liebe Dich, wie nur ein Vater ſeinen Sohn lieben
2727 7027 3791 7079 Streich, der alle meine Mühe vernichten würde."
2731 6621 4044 6679 kann,“ fuhr der Juſtizrath fort und ſein ſonſt kaltes ſpottbereites
2731 6679 4045 6738 Geſicht war jetzt ernſt und wohlwollend und verrieth die
2733 6737 4036 6796 Empfindungen ſeines Innern: „und Du mußt bekennen,
2729 6796 4034 6856 daß ich Alles gethan habe, um dich auf den rechten Weg zu
2730 6854 4042 6916 bringen; bisher haſt Du Dich willig meiner Leitung
2729 6911 4041 6979 unterworfen und Dich ganz wohl dabei befunden, ich bitte
2729 6970 4041 7025 Dich deshalb, mache mir nicht zuletzt noch einen dummen
2811 7081 4044 7147 Der gutmüthige Menſch war auf bittere Vorwürfe, hef⸗
2726 7318 3417 7374 legte, lähmte ſeinen Widerſtand.
2724 7144 4040 7205 tige Anklage gefaßt geweſen und würde ſich dann zu einer
2724 7202 4041 7266 burſchikoſen Entgegnung aufgerafft haben, aber das herzliche
2724 7254 4041 7322 Wohlwollen, das der ſo ſcharfe, ironiſche Mann an den Tag
2810 7384 4041 7452 Der Juſtizrath bemerkte die nachdenkliche und bereits tief
2715 7911 4032 7970 jetzt heirathen will, muß nothwendig darauf ſehen, daß ſeine
2723 7445 4037 7511 erſchütterte Gemüthsſtimmung ſeines Neffen und fuhr ruhig
2724 7503 4040 7567 fort: „Glaube mir, Auguſt, heuzutage können ſich nur reiche
2724 7561 4037 7621 Leute den koſtbaren Luxus einer ‚Heirath aus Liebe‘ erlau⸗
2721 7620 4035 7683 ben; alle Andern müſſen einfach ihrem Verſtande folgen.
2720 7677 4038 7738 Wie unſere Frauen und unſere modernen Zuſtände einmal
2719 7737 4037 7797 beſchaffen ſind, wird die Führung eines Haushaltes eine
2719 7794 4035 7855 immer koſtſpieligere Sache, die mit der gewöhnlichen Ein⸗
2717 7851 4036 7912 nahme des Mannes in gar keinem Verhältniſfe ſteht. Wer
4117 5875 5431 5950 Frau ſo viel Vermögen mitbringt, um von ihrem eigenen
4118 5934 5431 6000 Gelde den ungeheuren Aufwand zu beſtreiten, den ſie machen
4104 6864 5419 6930 mit den Intereſſen Deines Erbtheils kannſt Du nimmermehr
4105 6917 4596 6979 eine Familie erhalten.“
4115 5992 5429 6063 muß. Ja lächle immer, ich ſage doch ‚machen muß‘; denn
4114 6050 5429 6122 wie würde eiue Frau in unſern Tagen noch im Stande ſein,
4114 6107 5429 6178 in ihrer Toilette gegenüber ihren Mitſchweſtern zurückzuſtehen!
4114 6166 5428 6237 Und denkſt Du, Deine Mathilde würde nicht die ſelben Anſprüche
4112 6225 5429 6291 machen, wie ſelbſt eine Frau, die Dir ein hübſches Vermö⸗
4112 6282 5430 6354 gen zugebracht? Im Gegentheil, ſie wird erſt recht auf ein
4112 6341 5429 6413 äußerlich prunkhaftes Auftreten den höchſten Werth legen und
4115 6397 5431 6463 Dir jedes Jahr ſo viel Geld für neue Hüte und neue Klei⸗
4113 6458 5428 6533 der abzuſchmeicheln wiſſen, daß Dir die Haare zu Berge
4111 6514 5430 6589 ſtehen werden; und ſei verſichert, trotzdem Du Dich damit
4109 6572 5428 6646 völlig zu Grunde richteſt, wird ſie nur das ‚Allernothwen⸗
4110 6626 5423 6700 digſte‘ von Dir fordern. O Du haſt gar keine Idee, was
4106 6689 5423 6749 die Frauen zur Ergänzung ihrer Garderobe unter allen Um⸗
4106 6747 5422 6817 ſtänden haben müſſen. Jedenfalls wird dieſes eiſerne
4107 6807 5419 6873 ‚Muß‘ Deineu Kreisrichtergehalt mit Beſchlag belegen, und
4194 6983 5410 7042 Das waren herbe Wahrheiten, und der Referendar mußte
4099 7499 5127 7560 Verhältniſſe bedeutendes Geſchenk gemacht hatte.
4106 7040 5415 7099 ſich geſtehen, daß ſein Oheim Recht hatte. Auch Mathilde
4106 7099 5415 7157 folgte ſo viel als möglich der Mode; er hatte bisher ſeine
4107 7157 5415 7215 Freude daran gehabt; aber wenn er daran dachte, daß er
4104 7215 5413 7269 einmal all’ die „Schnurrpfeifereien“ von ſeinem Kreisrichter⸗
4104 7274 5416 7332 gehalte beſtreiten ſollte, erſchien ihm doch dieſe Vorliebe für
4102 7329 5412 7389 den Putz in einem trüben Lichte. Ja und ſie fand ſchon
4099 7386 5413 7447 jetzt ein großes Gefallen an kleinen Aufmerkſamkeiten und
4101 7443 5409 7504 war niemals liebenswürdiger, als wenn er ihr ein für ſeine
4562 7565 4948 7615 (Fortſetzung ſolgt.)
289 1368 1052 1423 ✽ Hannover, den 16. November.
35 4084 1311 4138 in der rechten Flanke gefaßt werden wird. Mit dem Rück⸗
34 4027 1313 4089 iſt zu erwarten, daß der letztere vom Prinzen Friedrich Karl
37 4140 1309 4200 zug unter Gefecht hat es bei den Baiern auch ſeinen Haken
48 4201 1310 4258 gehabt. Die Ausführung einer ſolchen Ordre mag bei an⸗
54 4253 1310 4316 dern Truppen auf geringere Schwierigkeiten ſtoßen; bei den
53 4313 1311 4372 Baiern und bei unſerer Landwehr iſt ſie ſicher am ſchwie⸗
42 4372 1311 4431 rigſten. Die Baiern verbiſſen ſich und wollten partout nicht
36 4431 1310 4490 zurück, und da der Obergeneral ſeinen Befehl ſtricte auszu⸗
37 4489 1307 4548 führen hatte, ſo gelang ihm trotz aller Bemühung nicht,
39 4950 1303 5016 zoſen die Abſicht haben, auf die weſtliche Cernirungs⸗
41 5302 1301 5370 Armee in Ordnung. Von der Cernirungsarmee iſt das drei⸗
42 5364 1298 5429 zehnte Corps losgelöt und ſüdwärts dirigirt worden; ſeine
43 5418 1299 5487 Stellungen vor Paris hat das zweite (Pommerſche Armee⸗
44 5480 1297 5545 corps eingenommen. Der Großherzog von Mecklenburg⸗
37 4545 1307 4606 Verluſte zu verhüten. Er hat ſowohl Todte und Verwun⸗
37 4607 1306 4665 dete als auch Gefangene zurücklaſſen müſſen. Die Ziffer
37 4656 1306 4724 vermag ich nicht anzugeben. Bedeutend kann ſie auf keinen
38 4723 1305 4784 Fall ſein. General von der Tann hatte überhaupt
38 4780 1306 4843 25,000 Mann höchſtens. Die Schätzung der feind⸗
38 4836 1304 4901 lichen Kräfte variirt; jedenfalls betragen dieſe mehr
39 4898 1304 4958 als 50,000 Mann. Man glaubt, daß die Fran⸗
36 3499 1318 3566 ſchnellen Waffenſtreckung gekommen. Dieſe Abſicht ſcheint
36 3566 1314 3624 jedoch nicht gelungen zu ſein. Gegen Erwarten haben
35 3621 1318 3685 die Franzoſen, nachdem ſie Orleans den Baiern wegge⸗
35 3683 1317 3742 nommen, links geſchwenkt und ſcheinen die Richtung nach
34 3737 1317 3798 Chartres einzuſchlagen. General v. Wittich ſoll Ordre
34 3971 1316 4031 in Chartres jetzt verlaſſen wird, iſt zu bezweifeln. Zunächft
45 5534 1295 5599 Schwerin befindet ſich bereits bei dem General v. d. Tann.
37 3379 1318 3451 vollſtändige Cernirung der Loire⸗Armee geweſen, und vielleicht
37 3452 1319 3509 wäre es dann nur zu einem geringen Kampfe und zu einer
39 3221 1318 3275 rade auf Paris los, wogegen der Heranmarſch des Prinzen
38 3273 1318 3335 Friedrich Karl im Halbkreis ſüdlich des Feindes auszuführen
38 3337 1315 3391 war. Die Folge dieſer letzten Dispoſition wäre mithin die
39 5013 1301 5077 ſtellung einen gleichzeitigen doppelten Stoß zu verſuchen.
45 5067 1302 5134 Mit der Operation der Loire⸗Armee würde ein größerer Aus⸗
51 5125 1302 5192 fall von Valerien her Hand in Hand gehen, das große
48 5189 1301 5251 Hauptquartier würde alſo mitten in der Action liegen. Auf
48 5245 1301 5310 alle Fälle ſind die Vorbereitungen zum Empfang der Loire⸗
48 5590 1296 5660 Die Nachricht von dem Rückzug der Unſrigen aus Orleans
47 5647 1297 5723 ſcheint unter unſern Offizieren eine gewiſſe Vergnüglichkeit zu
47 5702 1296 5780 verbreiten; man ſpricht von derſelben wie von einer ange⸗
122 1451 1326 1514 Von der Loire nichts Neues. Der „Elb. Ztg.“ wird
77 1805 1324 1882 Schonung“. Die Telegramme, welche der Armee voraus⸗
83 1569 1324 1645 geſchrieben: In wenigen Tagen muß es zur Schlacht kommen.
83 1510 1323 1583 über die Situation Folgendes aus Verſailles, 12. Nov.,
81 1628 1326 1705 Prinz Friedrich Karl kommt mit der durch die Uebergabe
79 1687 1324 1758 von Metz disponibel gewordenen Armee in Eilmärſchen
76 1746 1322 1817 heran; er macht ſechs Meilen täglich. Ein Marſch „ohne
76 1864 1325 1936 gegangen, beſagen, daß die Spitzen derſelben ſchon morgen
68 2690 1321 2756 Der General hat in dieſem Sinne mehrfach in das Haupt⸗
76 2749 1320 2809 quartier der III. Armee berichtet, erhielt jedoch Weiſung,
75 2808 1319 2865 Orleans bis zum letzten Augenblick zu halten und ſich vor
73 2867 1318 2924 dem Feinde „fechtend zurückzuziehen.“ Für die allgemeine
72 2925 1319 2984 Dispoſition mögen hierbei zwei Geſichtspunkte maßgebend
69 2984 1318 3041 geweſen ſein, einmal den Feind aufzuhalten, um der Metzer
65 3042 1316 3097 Armee Zeit zum Heranmarſch zu ſchaffen, zweitens, nm die
63 3149 1318 3219 Der Rückzug v. d. Tann’s hatte nordwärts ſtattzuſinden, ge⸗
62 3097 1317 3158 Loire⸗Armee an die Sohlen des retirirenden Feindes zu heften.
70 2455 1321 2519 gut schlagen werden, Orleans zu räumen und Stellung
68 2572 1318 2635 wo ein günſtiges Terrain geſtattet haben würde, den Kampf
68 2513 1322 2578 diesſeits der Stadt, in der Gegend von Artenay zu nehmen,
66 2631 1318 2690 auch mit einem doppelt ſo ſtarken Feinde anzunehmen.
72 2101 1322 2170 Orleans, deſſen Terrain von Höhen beherrſcht wird, war
72 1982 1326 2051 iſt wohl überflüſſig zu betonen, daß die Aufgabe Orleans’ in
75 1923 1320 1985 mit dem v. d. Tann’ſchen Corps Fühlung bekommen. Es
73 2042 1323 2107 den Dispoſitionen gelegen hat. Die ganze Beſetzung von
71 2216 1326 2278 den vorhandenen Kräften nicht beabſichtigt. Des Generals
71 2159 1322 2218 eine Art Reiterſtück und die Behauptung der Stadt war mit
70 2395 1325 2455 enthält, und von denen Jedermann überzeugt iſt, daß ſie ſich
68 2275 1323 2338 v. d. Tann urſprüngliche Abſicht war es, beim Herannahen
70 2336 1322 2398 der Loire⸗Armee, welche die letzten Reſte regulärer Truppen
54 3918 1316 3972 geſichts der neuen Bewegung  des Feindes ſeine Poſition
128 3861 1313 3915 der linken Flanke her zu unterſtützen. Ob er
49 3801 1317 3855 habt haben, die Einſchließuug der Loire⸗Armee
1391 1365 2716 1442 nehmen Abwechſlung in der eintönigen ewigen „Siegerei."
1393 1421 2718 1494 Auch der Kronprinz und ſeine Umgebung ſollen über die
1369 4744 2685 4802 ihr fiel zunächſt das Journaliſten⸗Freicorps in die Hände
1391 1480 2721 1557 Wendung, welche die Dinge mit der Loire⸗Armee nehmen,
1390 1541 2719 1614 höchlich befriedigt ſein. Einige preußiſche Offiziere, welche
1389 1656 2720 1732 hier ein und erſtatteten dem Kronprinen genauen Rapport
1390 1601 2719 1674 den Tann’ſchen Rückzug mitgemacht hatten, trafen geſtern
1389 1717 2719 1788 über den Vorgang. Es  ſcheint, daß der baierſche
1390 1774 2719 1849 Obergeneral in ſeinen erſten telegraphiſchen Meldungen die
1389 1833 2717 1902 Sache etwas zu ſchwarz angeſehen hat, was ihm, als dem
1391 1892 2714 1962 Meiſtbetheiligten, allerdings nicht zu verdenken iſt. Ein
1389 1951 2716 2021 baierſcher General geht nicht gern zurück, auch wenn ein
1387 2010 2713 2081 höherer Wille ihn dazu zwingt. In der hieſigen franzöſiſchen
1391 2067 2707 2139 Einwohnerſchaft läuft einſtweilen das Gerücht einer großen
1389 2126 2713 2194 Schlacht bei Orleans, in der eine baierſche Armee von
1387 2183 2711 2253 50,000 Mann radical aufgerieben ſein ſoll. Man ſteckt die
1389 2242 2711 2313 Köpfe zuſammen und flüſtert. Man ſieht den verſtohlen
1387 2302 2707 2367 freudigen Geſichtern es an, daß ſie unſer letztes Stündlein
1389 2361 2709 2429 gekommen wähnen, und das „nous verrons dans quelques
1379 2420 2708 2487 jours!“ iſt wieder die Parole. Der Himmel lacht ihnen ſo
1385 2478 2709 2539 voll Hoffnungsſtrahlen, daß die Capitulationen von Verdun
1386 2537 2711 2603 und Neubreiſach ihnen wie kleine ſchwarze Wölkchen erſchei⸗
1385 2598 2705 2657 nen, welche der Wind verjagen wird. Auf Garibaldi, mit
1386 2654 2708 2719 dem General v. Werder gegenwärtig beſchäftigt iſt, ſetzen ſie
1368 4801 2679 4860 Von ihm ſollen die verrätheriſchen Schüſſe ausgegangen ſein.
1386 2712 2709 2775 übrigens ſelbſt nur geringes Vertrauen und erwarten nicht
1386 2770 2707 2835 viel von ihm. —  Garibaldi’s Corps wird bekanntlich
1386 2828 2705 2895 nicht als reguläre Truppe anerkannt, und es wird daher
1387 2888 2707 2951 gegen die Angehorigen desſelben zu Anfang wol etwas ſcharf
1385 2951 2704 3012 vorgegangen und kein Pardon gegeben werden wie gegen
1384 3003 2703 3068 Franctireurs. Der Kronprinz hat ſcherzend die Aeuße⸗
1382 3065 2703 3120 rung gethan, „er habe für Garibaldi immer eine
1383 3121 2700 3188 kleine ſtille Neigung gehabt, die erſt jetzt erloſchen ſei.
1385 3178 2701 3237 Leid würde es ihm aber doch ſein, wenn Garibaldi etwas
1381 3237 2698 3300 paſſiren ſollte; lieber ſchickte er ihn nach Spandau.“ Gari⸗
1381 3296 2701 3361 baldi auf der Feſtung Spandau, der Fall wäre nicht der
1382 3354 2702 3417 ärmſte unter den außergewöhnlichen Vorgängen, die dieſer
1381 3412 2693 3477 Krieg bereits mit ſich gebracht hat. Es iſt wol anzunehmen,
1382 3471 2700 3533 daß Garibaldi, wenn er in Gefangenſchaft geräth, als General
1381 3529 2697 3590 in Dienſten der franzöſiſchen Regierung behandelt werden wird.
1381 3587 2698 3649 Die letztere ſucht übrigens der Erklärung der deutſchen Heeres⸗
1381 3645 2698 3710 leitung, wonach Individuǝn, welche ſich nicht als eingereihte
1380 3703 2692 3766 Soldaten legitimiren können, auf den kriegsrechtlichen Schutz
1380 3762 2691 3824 keinen Anſpruch haben, dadurch entgegenzutreten, daß ſie alle
1381 3819 2696 3884 Franctireurs mit einer directen Legitimation des Kriegsmini⸗
1380 3877 2692 3941 ſteriums ausſtattet, in welcher Corpsverband, Regiment und
1381 3935 2695 3995 Bataillon angegeben iſt. In Paris erhalten ſelbſt alle bei den
1379 3993 2692 4058 Befeſtigungsarbeiten beſchäftigten Handwerker eine ſolche Le⸗
1376 4050 2693 4114 gitimation. Der Form iſt damit Genüge geſchehen. Es
1373 4105 2689 4172 bleibt nur die Frage, ob das Tragen einer Uniform nicht
1372 4163 2688 4230 mit als eine weſentliche Bedingung zum Charakter des regu⸗
1372 4215 2691 4286 lären Soldaten aufrecht erhalten bleiben wird. Nicht allge⸗
1373 4278 2684 4340 meiu bekannt wird es vielleicht ſein, daß im Gefecht bei
1372 4336 2688 4399 le Bourget am 30. October ein kleines Freicorps aufgerie⸗
1374 4394 2685 4455 ben wurde, welches ganz aus Pariſer Journaliſten beſtand.
1373 4451 2685 4514 Dieſen Leuten iſt es ſehr ſchlecht gegangen, obwol ſie ſich
1372 4511 2691 4573 gut geſchlagen haben ſollen. Bekanntlich fielen bei le Bourget
1372 4568 2679 4630 der Oberſt Graf Walderſee und ein Ofſizier meuchleriſch,
1371 4628 2683 4687 als ſie auf ein Corps zuritten, das eben die weiße Fahne
1370 4686 2687 4744 anfgezogen hatte. Die Garde gab hierauf kein Pardon und
1454 4861 2686 4932 P. S. Geſtern früh ſieht ein preußiſcher Offizier auf
1367 4917 2687 4979 Vorpoſten einen franzöſiſchen Vorpoſten eine Zeitung leſen,
1367 4977 2683 5037 ſchleicht ſich heran, haut dem Kerl hinter die Ohren und
1366 5035 2684 5092 nimmt ihm den „Figaro“ vom 11. d. ab. In demſelben
1361 5444 1569 5495 vaſion ꝛc.
1365 5092 2683 5152 liest man: Friſches Fleiſch iſt längſt nicht mehr vorhanden,
1365 5150 2687 5218 auch Katzen und Hunde ſind aufgegeſſen, augenblicklich giebt
1365 5212 2686 5270 es nur noch geſalzenes Pferdefleiſch. Wie lange reicht das
1364 5268 2686 5329 noch? fragt „Figaro“, und was für Vortheil bringt uns
1363 5326 2688 5386 dieſe Entbehrung? Die heutige Regierung iſt noch ſchlechter
1362 5385 2687 5446 als die ſrühere, ſie thut gar nichts für Vertreibung der In⸗
1450 5607 2684 5662 Berichte aus Verſailles vom 12. November melden:
1359 5725 2685 5783 Corps hatten die Franzoſen in erſte Linie gute Truppen
1359 5666 2685 5723 Bei dem Angriff der Loire⸗Armee auf das erſte baierſche
2782 1393 4096 1466 (algeriſche und römiſche Regimenter) geſtellt. Dieſe Regi⸗
2781 1624 3514 1689 Wetter iſt kalt, Schnee und Reif.
2781 1457 4101 1519 menter wurden jedoch drei Mal zurückgeworfen. — Der
2782 1508 4096 1574 Rücken der Einſchließungstruppen iſt auch im Norden von
2781 1565 4100 1636 Paris durch neu eingetroffene Truppen geſichert. — Das
2865 1696 4094 1768 Was die dem General v. d. Tann zur Verſtärkung ge⸗
2777 2104 3393 2160 v. Franſecky, geſtellt worden.
2778 1752 4093 1825 ſandten Truppen betrifft, ſo gehört die württembergiſche
2780 1810 4086 1884 Diviſion nicht dazu, denn der Stuttgarter „Staatsanzei⸗
2779 1870 4095 1937 ger“ meldet: Nach officieller Mittheilung iſt die württem⸗
2778 1927 4093 1993 bergiſche Diviſion in der Cernirung von Paris mit Beibe⸗
2776 1985 4095 2054 haltung der bisher innegehabten Stellung unter das General⸗
2777 2051 4087 2111 commando des zweiten Armeecorps (Pommern), General
2863 2174 4091 2241 Von der Armee des Prinzen Friedrich Karl
2774 2230 4088 2294 liegen über Berlin einige nähere Nachrichten vor. Ein Tele⸗
2761 3571 4075 3638 Vormarſch der II. Armee von Metz her die Mitte gebildet haben.
2774 2294 4087 2356 gramm nach Berlin, durch welches der Prinz einen Glück⸗
2773 2349 4088 2417 wunſch zu ſeiner Ernennung zum Feldmarſchall beantwortete,
2772 2404 4086 2470 iſt vom 8. November aus dem Marſchquartier Doulevant
2771 2464 4083 2530 le Chateau datirt. Dieſer Ort liegt zwiſchen Marne und
2772 2521 4082 2592 Aube (2½ Meile ſüdöſtlich von Joinville an der Marne)
2770 2584 4081 2651 und an der Straße, die über Brienne und Lesmont nach
2768 2637 4077 2708 Troyes an der Seine führt; von letzteren Orte iſt es noch
2769 2700 4084 2765 etwa neun Meilen entſernt. Troyes muß auch ſchon beſetzt
2768 2754 4084 2823 ſein, denn der deutſche Chef des Aube⸗Departements, Frh. v. Stein,
2768 2815 4079 2881 hat den Sitz ſeiner Präfectur bereits dorthin verlegt. Speciell
2766 2871 4082 2941 über das 9. Armee⸗Corps (v. Manſtein), deſſen eine Hälfte
2765 2929 4082 2998 bekanntlich von der großh. heſſiſchen Diviſion gebildet wird,
2766 2988 4083 3057 berichtet die officielle „Darmſtädter Zeitung“: „Das Haupt⸗
2765 3048 4080 3114 quartier der heſſiſchen Diviſion iſt am 5. in Dizier geweſen,
2765 3105 4081 3173 am 7. war Raſt und wurde alsdann, in Vereinigung mit
2765 3164 4079 3232 der Cavalleriediviſion Hartmann, der Marſch nach Troyes
2763 3222 4080 3289 fortgeſetzt, das am 11. erreicht ſein dürfte. Das 10. Corps
2763 3281 4078 3346 hat Direction nach dem Süden; ſo viel jetzt bekannt iſt, hat
2763 3338 4071 3403 es ſeinen Marſch über Toul nach Neufchateau genommen.“
2761 3396 4080 3461 Brandenburgiſche Truppen hatten unlängſt ein glückliches Ge⸗
2759 3455 4079 3511 fecht in der Nähe von Chaumont an der oberen Marne
2759 3512 4077 3575 (etwa 10 Meilen öſtlich von Troyes); ſie würden alſo bei dem
2847 3702 4073 3758 Der Berner „Bund“ meldet aus Pruntrut vom
2747 5729 4055 5792 hindurch. Ein Vormarſch der Deutſchen von Dijon gegen
2759 3759 4075 3819 Dienſtag: Heute fand eine heftige Kanonade bei
2757 3818 4072 3879 Belfort ſtatt. Die Forts Juſtice und Grandes Perches
2756 3875 4072 3935 feuern ununterbrochen. Das Dorf Vezelois iſt von Neuem
2757 3933 4077 3998 in Brand geſchoſſen. — Nach brieflichen Berichten beſchäftigte
2757 3993 4072 4056 ſich das deutſche Cernirungscorps, da die Belagerungs⸗
2755 4051 4068 4105 batterien noch nicht aufgeſtellt, noch immer mit der Ent⸗
2755 4108 4074 4172 waffnung der Nationalgarde und der Säuberung des Landes
2754 4166 4074 4229 von Franctireurs. Die Entwaffnung der Bevölkerung geht
2754 4223 4071 4285 ohne allen Widerſtand vor ſich. Die deutſchen Truppen,
2754 4280 4070 4342 welche Montbéliard besetzten, ſind bis Andrecourt vorgerückt,
2753 4337 4067 4394 wo ſie ein kleines Treffen mit dem in Pont⸗de⸗Roide
2753 4393 4068 4458 ſtehenden Regiment Zuaven hatten. Größere kriegeriſche
2753 4450 4061 4513 Actionen kamen ſonſt an der Juragrenze nicht vor.
2753 4507 4066 4573 Man erwartete aber ein größeres Treffen zwiſchen Belfort
2751 4567 4065 4627 und Delle. Man hält es auch für möglich, daß Gari⸗
2751 4624 4065 4689 baldi die Abſicht hat, die Entſetzung Belforts zu ver⸗
2752 4682 4064 4745 ſuchen. Dies ſtimmt freilich wenig damit, daß er ſich in
2753 4740 4064 4797 Chagny befindet. Dieſer Ort war in dem neulichen Tele⸗
2751 4799 4056 4864 gramme nicht, wie wir irrthümlich vermutheten, Chazey
2750 4857 4061 4922 nordweſtlich von Lyon) zu leſen, ſondern es war Chagny,
2749 4916 4059 4978 an der Eiſenbahn von Dijon über Macon nach Lyon gemeint.
2751 4972 4059 5035 Es iſt danach wahrſcheinlich, daß Garibaldi die Abſicht hat,
2753 5032 4058 5093 an der Vertheidigung der Eiſenbahn von Dijon nach Theil
2749 5090 4059 5152 zu nehmen. In Chagny haben die Franzoſen große Ver⸗
2748 5147 4057 5208 theidigungsanſtalten getroffen, die Eiſenbahn nach dem
2750 5205 4057 5265 (7 Meilen entfernten) Diſon bei Meurſault (zwiſchen Beaune
2747 5265 4057 5326 und Chagny) aufgeriſſen, den Tunnel bei Chagny unter⸗
2749 5322 4053 5386 minirt u. ſ. w. Der Ort liegt, wie Dijon, an einer Berg⸗
2747 5380 4054 5440 pforte. Während bei Dijon durch das Ouche⸗Thal aufwärts
2748 5438 4056 5498 der Kanal von Burgund zieht, der die Saone durch den
2752 5497 4057 5558 Armauçon mit der Seine verbindet, geht bei Chagny vorbei
2748 5554 4057 5615 zwiſchen Côte d’or und den Gebirgen von Charolais hin⸗
2748 5615 4054 5673 durch der Kanal du Centre von der Saone zur Loire.
2748 5671 4056 5729 Der unterminirte Eiſenbahntunnel führt unter dieſem Kanal
86 6089 1292 6155 Auf dem ſcharfen, ſpitzen Geſichte des Juſtizrathes zeigte
55 6713 1281 6803 Dir nur reinen Wein einſchenken. Ich führe ein großes
53 6655 1280 6744 Wenn Du aber auf meine Hülfe gerechnet haſt, ſo will ich
54 6138 1290 6211 ſich eine Unmuthsfalte, der lange hartnäckige Widerſtand
57 6193 1287 6269 ſeines Neffen ermüdete ihn, er war nicht daran gewöhnt.
64 6254 1286 6333 „Mit einem Kreisrichtergehalt von 600 Thalern kannſt Du
55 6307 1284 6389 hier in der Reſidenz unmöglich leben; willſt Du Dich aber
55 6362 1288 6448 in eine kleine Stadt der Provinz verſetzen laſſen, dann wirſt
56 6423 1282 6506 Du bald ſelbſt im Beſitze dieſes — „herrlichen“ Mädchens
54 6481 1283 6564 die entſetzlichſte Langeweile empfinden. Du haſt beſtändig in
53 6543 1284 6627 der Hauptſtadt gelebt und ein ſolcher Menſch wird ſich in
54 6595 1281 6685 einem kleinen Neſte niemals wohl und behaglich fühlen.
54 6772 1279 6861 Haus, das iſt wahr, und viele Leute halten mich deshalb
56 6831 1280 6922 für reich: aber ich habe kein Talent für das Schätzeſammeln,
58 6896 1280 6981 und weil ich weiß, daß Du dies Talent ebenfalls nicht be⸗
59 6946 1278 7039 ſitzeſt und noch dazu nicht meine — ich will ſagen — meine
58 7005 1277 7096 Arbeitsluſt haſt, ſo kannſt Du nur durch eine reiche Heirath
59 7060 731 7158 Dir ein behagliches Daſein ſichern.“
90 7133 1276 7219 Der Referendar hatte nach Art eines echtes Verliebten
89 7194 1276 7277 von der Zukunft die roſigſten Bilder gemacht und in der
87 7306 1273 7394 er, nach ſeinem ganzen Leben und Auftreten, für reich
86 7424 679 7511 ihn niederſchlagend zu wirken.
116 7261 1276 7334 ſehr ſtark auf den Beiſtand ſeines Oheims gerechnet,
144 7389 1274 7455 mußte. Solche Eröffnungen waren wohl geeignet,
88 7480 1272 7571 Wie er den alten Herrn kannte, wußte er ſehr gut, daß
93 7718 1269 7807 die einträglichere Stellung eines Rechtsanwaltes rundweg
94 7768 1269 7867 Auch was der alte Herr unter „Arbeitsluft“ hatte ſagen
97 7894 1268 7989 jede etwas verwickelte juriſtische Streitſchrift fiel; er liebte
125 7553 1272 7628 Wahrheit geſagt, und er verſtand auch all’ ſeine übrigen
144 7616 1272 7690 Der Juſtizrath hatte ihm eine beſcheidene Kreisrichter⸗
173 7677 1271 7750 in Ausſicht geſtellt; er ſprach ihm alſo das Talent
147 7857 1278 7932 war nur zu deutlich. Auguſt wußte ſelbſt, wie ſchwer
