5938 8255
103 225 5566 753 Zeitung für Norddeutſchland.
168 749 1156 801 Dieſe Zeitung erſcheint täglich, Mittags, außer
569 801 744 846 Sonntag.
480 1011 847 1049 deren Raum 1 Gr.
168 855 1151 904 Abonnements⸗Preis vierteljährlich praenumerando
522 905 799 949 1 Thlr. 15 Gr.
165 957 1153 1008 Inſertions⸗Gebühr die geſpaltene Petit⸗Zeile oder
2520 898 3106 1007 Hannover.
181 1138 648 1265 Nr. 3102
306 1418 1180 1486 Telegraphiſche Depeſchen.
175 1499 1415 1556 * London, 28. Febr., Vormittags. Sicherem Ver⸗
95 1555 1413 1614 ehmen nach wird Lord Donoughmore, bisheriger General⸗
95 1613 1411 1668 ahlmeiſter und Vicepräſident  des Handelsbüreaus, das
102 1843 355 1892 bernehmen.
99 1670 1411 1726 Miniſterium des Handels, und Sir Sotheron Escourt,
102 1728 1407 1786 Präſident der Armengeſetzbehörde das des Innern erhal⸗
102 1785 1409 1846 en. Lord March ſoll das Amt des Generalzahlmeiſters
104 2362 1088 2415 ezüglichen Forderungen durchgeſetzt hatten.
164 1902 1410 1957 — Nach der heutigen „Times“ wird die von Disraeli
93 1929 1410 2016 inzubringende Reformbill eine ſehr beſchränkte ſein. —
93 2015 1410 2075 Der Präſident des Handelsamtes, Sir Henley, und der
94 2074 1408 2134 Staatsſecretär des Innern, Sir Walpole, haben reſignirt.
93 2119 1408 2189 Aus Vera⸗Cruz wurde vom 9. dieſes gemeldelt, daß
93 2190 1408 2247 er General Miramon an Stelle Zuloaga’s die Präſi⸗
105 2247 1408 2306 entſchaft übernommen hat; derſelbe hat die letzte Zwangs⸗
93 2304 1411 2362 nleihe annullirt, nachdem die Weſtmächte ihre darauf
1474 1380 2796 1440 Verſuch dieſer Art in der Kammer eine Majorität finden,
1456 4936 2773 4992 harte Probe, noch mehr aber läßt ſich annehmen, daß im
1474 1436 2796 1500 daß aber Preußen trotz ſeines jetzigen Schweigens zu han⸗
1474 1495 2796 1555 deln wiſſen wird, wenn die Zeit dazu gekommen, und
1472 1553 2795 1611 im deutſchen Sinne handeln wird, darf man nicht be⸗
1453 4993 2775 5053 Herrenhauſe ſich derſelbe Widerſtand zeigt, den die Finanz⸗
1471 1609 2794 1666 zweifeln. Es wird keinen Bruch der Traktate von 1815
1471 1668 2792 1728 geduldig zulaſſen, und Oeſterreich bei jedem ungerechten
1471 1724 2793 1785 Angriff auf ſeine italieniſchen Provinzen kräftig zur Seite
1469 1783 2794 1842 ſtehen, nicht ruhig zuſehen, bis die Reihe an es ſelbſt
1468 1840 2791 1902 und an Deutſchland kommt. Die Aufrechthaltung der
1469 1897 2790 1959 allerdings ſo vielfach ſchon verletzten Wiener Verträge,
1469 1955 2790 2014 deren Heiligkeit nicht hinreichte, um Krakau in Oeſterreich
1467 2014 2787 2073 verſchwinden zu laſſen, iſt von England und Preußen
1468 2071 2787 2131 gemeinſam als unabweisbar nothwendig anerkannt wor⸗
1467 2129 2789 2186 den; anders verhält es ſich aber mit den Ueberſchrei⸗
1466 2186 2786 2247 tungen (?) dieſer Verträge in Italien mit den Beſatzungen
1466 2242 2787 2305 in den Legationen, mit der Abweiſung der Forderung
1467 2299 2787 2358 ſich auf das eigene Gebiet zurückzuziehen, über Re⸗
1466 2357 2787 2417 formen zu unterhandeln, das bisherige Syſtem auf⸗
1457 5052 2145 5105 geſetze von 1857 dort fanden.
1464 2414 2786 2471 zugeben. Der Erfolg Lord Cowley’s in Wien wird dar⸗
1465 2473 2784 2531 über entſcheiden, ob Oeſterreich hartnäckig bleibt oder den
1464 2529 2785 2589 eindringlichen Vorſtellungen nachgiebt. Man hält es hier
1465 2586 2783 2645 für gewiß, daß, wenn England in Wien nicht durch⸗
1464 2643 2784 2703 dringt, es ſich zurückziehen werde. Preußen hat bisher
1465 2701 2784 2762 hinter England geſtanden, völlig einig mit ihm, ſeine
1463 2760 2785 2819 guten Dienſte in Wien und Paris antragend; ſcheitert
1464 2817 2783 2875 der Verſuch, eine Grundlage für diplomatiſche Unter⸗
1462 2931 2783 2988 weiteren eigenen Weg zu beſchließen haben, aber es läßt
1462 2988 2781 3048 ſich nicht annehmen, daß dieſer ſich weit von England
1462 3047 2782 3106 trennt, um Oeſterreichs Ueberſchreitungen der Verträge
1463 3103 2782 3162 und deſſen feſtzuhaltende Suprematie über Italien zu
1462 3160 2779 3221 vertheidigen. *) — Herr v. Werther iſt aus Petersburg
1461 3217 2781 3274 hier angelangt, es wird ſomit nächſtens der abnorme
1459 3274 2780 3332 Zuſtand aufhören, daß während dieſer Kriſis Preußen in
1462 3332 2779 3393 den beiden Brennpunkten der drohenden Frage, in Wien
1461 3389 2779 3449 und Paris ohne Geſandten war.  — Die vier Geſetz⸗
1461 3447 2780 3503 entwürfe, welche der Finanzminiſter am Sonnabend dem
1460 3504 2780 3564 Abgeordnetenhaufe vorgelegt, werden wenige zufriedene
1460 3562 2777 3620 Seelen finden, welche dadurch beglückt werden. Der
1459 3619 2778 3678 Finanzminiſter geſtand ſelbſt ein, daß er die wichtigen
1460 3676 2774 3737 Bedenken gegen dies Geſetz nicht verkenne, aber die Löſung
1460 3734 2779 3790 der Grundſteuerfrage ſei unerläßlich, weiterhin wurde aber
1459 3790 2779 3849 auch die Löſung als ſo ſchwierig anerkannt, daß das Ge⸗
1459 3849 2779 3908 ſetz nur als Ausgleichung der drückendſten Ungleichheiten
1458 3906 2780 3964 gelten könne. Die allerwenigſten werden Rechtstitel
1458 3963 2780 4023 vorzulegen haben, es iſt aber eigenthümlich, daß der
1456 4020 2779 4079 Finanzminiſter dabei erklärte, daß keine Rechtsanſprüche
1456 4076 2777 4134 von ſolchen Steuerfreien zu  machen ſeien, man
1456 4135 2778 4194 aber aus Billigkeit ſie entſchädigen müſſe, d. h.
1458 4191 2779 4249 ſomit dafür, daß ſie ohne Recht bisher keine
1459 4249 2780 4309 Steuern zahlten, ihnen 7 oder 8 Millionen zugewandt
1458 4306 2778 4365 werden ſollen. Die Grundſteuerausgleichung von 1848
1458 4363 2776 4419 ſuchte die Billigkeit darin, daß die widerrechtlich Steuer⸗
1457 4421 2777 4478 freien nach und nach mit ſteigenden Beträgen zur Grund⸗
1458 4479 2778 4535 ſteuer herangezogen werden ſollten. Am ſchlimmſten kom⸗
1457 4536 2777 4591 men die Städte fort, denen eine bedeutende Gebäudeſteuer
1456 4592 2777 4648 auferlegt wird, die ſofort eintreten ſoll, während die fak⸗
1455 4651 2777 4708 tiſche Erhöhung der Grundſteuer ins Ungewiſſe hinaus⸗
1457 4707 2776 4766 geſchoben wird. Die Kammer verhielt ſich ſchweigſam,
1455 4764 2773 4820 die Erklärungen des Finanzminiſters ſchienen keine Be⸗
1455 4823 2775 4880 wunderung anzuregen. Ob die getreue Majorität ſtand⸗
1455 4879 2775 4936 haft bleibt, läßt ſich bezweifeln; jedenfalls iſt es eine
1464 2874 2781 2932 handlungen zu erlangen, ſo wird Preußen über ſeinen
164 2417 1406 2475 Marſeille, 27. Febr. Wir erhalten die Poſt aus
95 2464 1406 2533 Calcutta vom 22. Jan. Der Oberbefehlshaber des
96 3110 996 3165 edoch ſo gut wie gar nicht vorhanden.
93 2530 1407 2593 ngliſchen Heeres, Lord Clyde (früher Sir Colin Camp⸗
93 2591 1407 2648 ell) hat den Aufſtändiſchen ein letztes Gefecht an der
97 2649 1405 2706 Grenze von Nepaul geliefert. Nachdem er Nena Sahib
96 2706 1406 2762 ns Innere jenes Reiches zurückgeworfen, überließ er
96 2821 1404 2877 erfolgen. Nach Lucknow zurückgekehrt, ließ Lord Clyde
93 2937 1404 2992 heilte ſeine Truppen in den großen Städten. Er ſchickte
94 2995 1401 3050 ch an, nach Europa zurückzukehren. Sir H. Roſe wird
94 3052 1403 3108 hn erſetzen. Die Einfuhr war lebhaft, die Ausfuhr
112 2764 1404 2821 ung Bahadur die Sorge, ihn auf ſeinem Gebiete zu
101 2879 1401 2935 ie Mehrzahl der Feſtungen in Audh ſchleifen und ver⸗
2403 1184 3240 1282 Dienſtag den 1. März
2855 1388 4176 1450 cuſſion, dem Antrage der Commiſſion gemäß, der Re⸗
2852 1849 3045 1892 meinden.
2852 1448 4176 1506 gierung zur Berückſichtigung überwieſen wird. — Die
2855 1502 4176 1565 Petitionen der Diſſidenten werden nach längerer Dis⸗
2854 1560 4176 1619 cuſſion der Regierung ebenfalls überwieſen mit der Er⸗
2855 1620 4173 1679 wartung einer baldigen geſetzlichen Erledigung dieſer An⸗
2852 1676 4173 1733 gelegenheit. Die Miniſter des Innern und des Cultus
2852 1734 4172 1795 geben dabei unter häufigem Beifall der Rechten Erklärungen
2850 1793 4174 1850 zn Gunſten einer freieren Stellung der Diſſidenten⸗Ge⸗
387 3307 1108 3366 Deutſchland.
94 4705 1395 4761 erathen würde, wenn die Volksvertretung in drohenden
165 3386 1402 3442 §§ Berlin, 28. Febr. Der einſtimmig gefaßte Be⸗
93 3444 1400 3499 chluß in der hannoverſchen Zweiten Kammer am 24. Febr.
92 3502 1399 3557 at auch hier lebhafte Theilnahme gefunden, denn man
91 3560 1402 3615 erkennt nicht, von welchen Gefahren Deutſchland bedroht
89 3673 1401 3730 Handeln abgewandt werden können; was jedoch die Schluß⸗
86 3788 1399 3845 n Hannover lauten Widerhall in Preußen finden möge,
86 3846 1398 3902 o iſt zunächſt nicht daran zu denken. Einigen Abgeord⸗
94 4762 1395 4819 Reden ihre Sympathien ausſpräche *).  Es würde kein
84 3961 1398 4020 ugegangen die Regierung zu einer Erklärung über die
83 4018 1398 4076 Kriegs⸗ und Friedensfrage zu veranlaſſen: es iſt dies je⸗
82 4076 1396 4132 doch entſchieden abgelehnt worden, da die vermittelnde
84 4190 1397 4246 nicht angegriffen oder behindert werden könne. Dieſe
85 4246 1397 4302 Anſicht wird allerdings auch von der öffentlichen Meinung
87 4360 1395 4417 es Friedens durch diplomatiſche Verhandlungen ſich mög⸗
88 4418 1398 4477 ich zeigt, gegen jeden herausfordernden Schritt ſich er⸗
89 4475 1398 4530 lärt. Es iſt dabei wohl zu bedenken, daß eine kriegeriſche
91 4533 1396 4589 Sprache in den preußiſchen Kammern von ganz anderem
90 4590 1397 4648 Belang iſt, als in den kleineren deutſchen Staaten und
93 4647 1397 4702 aß die vermittelnde Großmacht Preußen in üble Lage
119 3731 1399 3787 orte des Hrn. v. Bennigſen betrifft, daß der Vorgang
117 3617 1400 3674 ird, und wie dieſe allein durch einmüthiges rechtzeitiges
107 4304 1397 4361 berwiegend unterſtützt, welche, ſo lange die Erhaltung
106 3904 1397 3959 eten aus den weſtlichen Provinzen ſind Aufforderungen
83 4132 1397 4190 Politik der Regierung die anerkannt richtige ſei: welche
2933 1905 4172 1973 Koblenz, 27. Febr. Die hier durchziehenden Pferde⸗
2849 2137 4043 2191 wohin dieſelben gebracht werden, examinirt werden.
2853 1963 4172 2021 Transporte ſind jetzt in ſo fern einer Controle unter⸗
2849 2022 4172 2082 worfen, als ſolche polizeilich notirt und die Begleiter
2847 2080 4171 2136 derſelben über die Orte, woher die Pferde kommen und
2931 2206 4170 2276 * Bernburg, 24. Febr. Wie der „Magd. Z.“ von hier
2842 2835 3575 2890 lich ein Ende nehmen zu ſollen.
2845 2262 4168 2321 geſchrieben wird, iſt nunmehr auf den 14. März c. eine
2845 2319 4168 2377 Conferenz zwiſchen den herzoglich Anhaltiſchen Staats⸗
2845 2376 4167 2437 miniſtern und dem Unterdirector nebſt Mitgliedern des
2844 2436 4166 2493 engeren Ausſchuſſes der Anhaltiſchen Landſchaft (reſp.
2844 2491 4168 2551 Ritterſchaft) zur endlichen Ausgleichung der noch ob⸗
2844 2550 4165 2609 ſchwebenden Behinderungen behufs Einführung der „Neuen
2842 2605 4165 2664 Landſchaftsordnung für ganz Anhalt“ anberaumt worden,
2842 2663 4166 2719 und wird dieſe Conferenz in Köthen ſtattfinden. Dem⸗
2842 2721 4165 2779 nach ſcheint der ungeſetzliche Zuſtand, in welchen der
2842 2777 4164 2838 Herzog von Deſſau die Anhaltiſchen Lande geſtürzt, end⸗
2928 2903 4163 2967 * München, 24 Febr. In der heutigen Sitzung
2840 3305 3650 3357 Dr. Völk zu folgender Aeußerung:
2841 2961 4161 3023 der Zweiten Kammer wurde die in Donauwörth erfolgte
2841 3019 4162 3079 Wahl des Grafen v. Arco⸗Stopperg für ungültig erklärt,
2841 3077 4160 3137 und zwar wegen mannigfacher Unregelmäßigkeit, die von
2841 3133 4158 3196 einem Wahlcommiſſarius bei den Urwahlen begangen
2841 3191 4161 3250 worden. Der Bericht der Commiſſion, ſo wie die in
2840 3248 4160 3311 demſelben angezogenen Documente veranlaſſen den Abg.
2907 3361 4161 3413 Zunächſt gehe daraus hervor, daß bei der zu Wemding vorge⸗
2840 3408 4161 3457 nommenen Wahl von Seiten des dortigen Regierungsbeamten mit
2839 3453 4159 3501 unbegreiflicher Rückſichtsloſigkeit gegen das Recht der Wähler ver⸗
2840 3498 4159 3549 ſahren worden ſei. Er wolle zwar annehmen, daß der Handlungs⸗
2840 3544 4160 3595 weiſe desſelben mehr Ungeſchick in der Handhabung des Wahlgeſchäfts
2834 5699 4149 5745 Verfügung ſtellen wolle. Man habe dadurch dem Anſehen der Be⸗
2840 3591 4159 3644 als wirklich böſer Wille zu Grund gelegen, obwohl jene — wie aus
2839 3637 4159 3686 mehren in den Zeugenausſagen enthaltenen Andeutungen erſichtlich
2840 3685 4158 3731 genug hervorgehe — ſehr nahe an ein Gebiet geſtreift habe, das er,
2840 3730 4159 3776 der Redner, jetzt nicht ausdrücklich benennen wolle. Obwohl man
2839 3774 4157 3823 nicht ſagen könne, daß die Wahl in Wemding nach einer beſtimmten
2839 3820 4158 3868 politiſchen Richtung hin geleitet worden, ſo müſſe man ſie doch als
2839 3866 4159 3914 die Frucht jener Bemühungen betrachten, welche von oben herab
2838 3913 4158 3961 ausgegangen ſeien. Er ſei übrigens weit entfernt anzunehmen, daß
2839 3959 4158 4007 die Regierung dabei ihre Hand im Spiel gehabt, denn dieſe würde
2837 4003 4159 4053 jedenſalls darauf geſehen haben, daß man dabei keine ſo großen Un⸗
2838 4049 4157 4099 geſchicklichkeiten begangen, wie dies wirklich der Fall geweſen (Heiter⸗
2839 4095 4156 4145 keit). Daß man es aber bei der Wahl überhaupt darauf abgeſehen
2838 4141 4158 4190 Reſultate von ſogenannter „guter Färbung“ zu erzielen, daß gehe
2839 4186 4156 4234 aufs unzweideutigſte aus einem Documente hervor, von dem er ſich
2839 4231 4157 4280 eine Abſchrift zu verſchaffen gewußt habe, und wovon bereits ein Theil
2840 4277 4157 4324 in die Oeffentlichkeit gelangt ſei, ohne von der Regierung desavouirt wor⸗
2839 4322 4157 4370 den zu ſein. Er wiſſe zwar nicht ob dieſes Document ächt ſei, und er werde
2839 4368 4153 4417 sich freuen, wenn die Regierung es für unwahr, und ſogar die Zu⸗
2838 4414 4155 4462 muthung ihr Anſichten wie die darin ausgeſprochenen unterſchieben
2837 4460 4156 4507 zu wollen, für verletzend erklären würde. Der Redner verliest hier⸗
2838 4506 4155 4555 auf ein unter dem 16. Nov. 1858 erlaſſenes Regierungsausſchreiben
2837 4551 4162 4601 an die Präſidenten der Adminiſtrativbehörden in Bezug auf die vor⸗
2837 4599 4155 4648 zunehmenden Wahlen, worin den Beamten, neben der Verwarnung
2837 4644 4155 4693 gegen eine jede directe Einwirkung auf die Wahlen, die Sorge an⸗
2837 4689 4152 4736 empfohlen wird, darüber zu wachen, daß nur ſolche Männer, von
2836 4736 4154 4784 deren gut monarchiſcher Geſinnung man überzeugt ſei zu denſelben
2835 4781 4154 4829 zugelaſſen, diejenigen dagegen, welche, „von Ehrſucht und Partei⸗
2837 4827 4152 4875 leidenſchaft getrieben, jede Autorität zu untergraben ſuchten“, davon
2835 4873 4154 4921 fern gehalten würden. Was müſſen dies für Männer ſein? fährt der
2836 4919 4151 4968 Redner fort. Die Kammer habe vernommen, daß die Regierung in
2835 4965 4153 5014 dieſem Wahlausſchreiben, deſſen Aechtheit er noch immer bezweifle,
2835 5011 4148 5058 einen Unterſchied zwiſchen Beamten und Staatsbürgern mache, dann
2835 5056 4153 5103 müſſe ſie aber auch den Staatsbürger in dem Beamten achten. Das
2834 5103 4153 5151 Wahlausſchreiben verletze geradezu die Verfaſſungsurkunde. Man
2834 5149 4152 5197 werde zwar vorſchützen, daß das Wohl des Landes, die monarchiſchen
2834 5193 4151 5244 Rückſichten ꝛc. dasſelbe eingegeben hätten, aber wie diplomatiſch klug
2835 5241 4152 5289 es auch abgefaßt ſei, ſo ſei doch niemand darüber im unklaren, daß
2835 5287 4152 5332 es, ins Deutſche überſetzt, nichts anderes heiße als: wir, die wir
2834 5332 4152 5379 gegenwärtig das Land regieren, ſind diejenigen, an die allein die
2834 5377 4150 5425 Wohlfahrt des Landes geknüpft iſt. Es ſei traurig, daß man in
2834 5425 4150 5472 neuerer Zeit unſere Beamten in eine Stellung gebracht habe, welche ſich
2835 5471 4146 5517 mit dem Geiſte des deutſchen Beamtenthums nicht vertrage. Es ſei dies
2833 5516 4151 5560 wol auch ein Broſame, wenn nicht ein Brocken, welcher von der
2833 5561 4150 5607 reich beſetzten Tafel des Staatsſtreichs abgefallen, daß man den Men⸗
2832 5607 4148 5657 ſchen mit ſeinen Anſichten und Rechten im Staatsbeamten aufgehen
2834 5653 4149 5703 laſſen, und ſich, wie in Frankreich, ein willenloſes Beamtenheer zur
4237 1395 5565 1443 amten einen empfindlichen Stoß verſetzt. Ueberall habe ſich bei den
4235 1440 5564 1488 Wahlen eine gewiſſe Scheu, eine Antipathie gegen die Beamten kund⸗
4235 1488 5565 1534 gegeben; es könne auf dieſe Weiſe ſehr leicht geſchehen, daß das ge⸗
4217 4105 4958 4148 mit ſchloß die ziemlich erregte Debatte.
4234 1532 5563 1578 wiß fruchtbringende Element der Beamten von der Kammer gänzlich
4234 1579 5564 1627 ausgeſchloſſen werde. Ein alter Spruch ſage: auf das was immer
4233 1625 5564 1673 nachgiebt, kann man ſich nicht ſtützen; es könne ſehr leicht eine Zeit
4232 1671 5561 1719 kommen, wo man zu der Ueberzeugung gelangen werde, daß diejeni⸗
4232 1716 5561 1763 gen, deren Selbſtändigkeit man achte, eine weit beſſere Stütze gewäh⸗
4231 1763 5560 1810 ren als diejenigen, die nur das Echo eines fremden Willens ſind.
4231 1810 5560 1857 Auch in einer anderen Richtung habe man gegen die Beamten,
4232 1856 5559 1902 namentlich wegen ihrer Thätigkeit in der Kammer, manches gethan,
4231 1902 5560 1947 was nicht gebilligt werden könne. Man ſollte doch wol denken, daß
4231 1947 5559 1993 die Wiſſenſchaſt frei ſei; aber auch daran habe man ſich vergriffen,
4230 1995 5560 2040 und einem Manne (Dr. Weis) wegen Meinungsverſchiedenheit in
4229 2040 5560 2086 wiſſenſchaftlichen Dingen eine Strafe auferlegt, ohne es auch nur der
4230 2085 5558 2134 Mühe werth zu halten, die angeblich ketzeriſchen Theſen dieſes Man⸗
4230 2132 5559 2177 nes zu unterſuchen. Das alles komme aus dem polizeilichen
4229 2177 5557 2223 Geiſte, der nichts ſelbſtändiges neben ſich dulden wolle. (Beifall.)
4229 2225 5559 2270 Der Miniſter des Innern, Graf v. Reigersberg, bemerkt: Vorredner
4229 2271 5557 2315 habe die Discuſſion auf ein Gebiet gelenkt, das der Tagesordnung
4228 2316 5552 2362 völlig fremd ſei; er müſſe daher gegen das Hereinziehen ſolcher fern⸗
4228 2362 5555 2408 liegenden Thatſachen Verwahrung einlegen. Er habe allerdings ein
4227 2407 5556 2453 Wahlausſchreiben erlaſſen; er trete nie vor der Verantwortung einer
4226 2453 5555 2499 ſeiner Handlungen zurück. Ob das von dem Abg. Dr. Völk ver⸗
4226 2499 5555 2546 leſene Ausſchreiben anthentiſch ſei, laſſe er dahin geſtellt. Jedenfalls
4225 2545 5556 2592 ſei es nicht auf ordentlichem Wege in deſſen Beſitz gekommen. Hätte
4225 2591 5554 2638 er ahnen können, daß die heutige Tagesordnung dazu benützt würde,
4225 2637 5555 2684 um auf jene Wahlinſtruction zurückzukommen, ſo würde er letztere
4226 2683 5552 2730 mitgebracht, und die Kammer ſich überzeugt haben, daß darin nichts
4225 2729 5551 2776 enthalten ſei, was mit der geſetzlichen Wahlfreiheit in Widerſpruch
4223 2776 5553 2820 ſtehe. — Dagegen bemerkte der Präſident, Graf v. Hegnenberg⸗
4224 2822 5551 2866 Dux: Der Zuſammenhang jenes Wahlerlaſſes mit dem Gegenſtand
4223 2868 5553 2913 der heutigen Tagesordnung ließe ſich leicht nachweiſen; er wolle aber
4223 2912 5551 2959 darauf verzichten, da in dieſem Saale kaum einer ſei, der nicht voraus⸗
4222 2958 5551 3004 gesetzt hätte, daß jener Wahlerlaß heute zur Sprache kommen werde.
4222 3005 5551 3049 Dagegen bemerkt der Miniſter, daß er allerdings nicht jene Verſamm⸗
4223 3050 5550 3097 lungen beſuche, in denen die jeweilige Tagesordnung zum Voraus
4221 3096 5552 3143 discutirt werde. Anſpielung auf den „Augsburger Hof.“ (Heiterkeit.) In
4221 3143 5551 3189 ſeinem Wahlausſchreiben heiße es übrigens ausdrücklich, daß die Wahl⸗
4220 3188 5548 3234 commiſſäre ſich jeder Einmengung zu enthalten haben. Es entſpinnt ſich
4220 3235 5550 3280 nun eine Discuſſion über den Nachweis, daß das erwähnte Wahlausſchrei⸗
4221 3282 5550 3327 ben mit dem vorliegenden Falle wirklich zuſammenhänge. Frhr. v. Lerchen⸗
4219 3327 5548 3372 feld glaubt, man könne das gar nicht in Zweifel ziehen und hebt als
4219 3371 5549 3417 auffallend den Eifer hervor, mit dem ſich die Beamten bei den
4219 3415 5547 3463 Wahlen betheiligt haben. Durch dieſes Einwirken ſei unter den
4219 3464 5546 3508 Wählern großes Mistrauen entſtanden, ſo daß ſie erklärt hätten:
4221 3509 5547 3555 „für jeden, nur für keinen Beamten.“ Auch Profeſſor v. Laſſaulx er⸗
4219 3556 5549 3602 greift das Wort: Er begreife, daß eine Regierung öfters in die Lage
4218 3601 5546 3656 käme, ihren Beamten vertrauliche Mittheilungen zu machen, deren
4218 3647 5547 3692 Veröffentlichung ein Misbrauch des Vertrauens wäre. Wenn ſolche
4219 3694 5546 3740 Mittheilungen aber über die Geſetze hinausgingen, könne man ſich nur
4219 3739 5546 3786 freuen, daß ſie an den Tag kämen. In dem erwähnten Rundſchreiben
4218 3786 5545 3831 werde die Kammer in einer Weiſe angegriffen, die nahe an Verleum⸗
4217 3831 5545 3877 dung grenze. Er ſehe eine Schmähung darin, wenn man der Kammer
4218 3876 5543 3923 grundſätzliche Oppoſition und ein Angreifen der Rechte der Krone zu⸗
4219 3923 5545 3971 ſchreiben wollte. Die Angriffe der vorigen Kammer ſeien nie gegen
4217 3970 5546 4015 Jemand gegangen, als gegen die verantwortlichen Miniſter: auch die
4218 4014 5544 4061 gegenwärtige Kammer habe von ihrem Rechte Gebrauch gemacht und
4218 4061 5543 4107 diesmal wurde darin kein Angriff gegen die Krone geſehen. — Hier⸗
4487 766 5478 818 Haupt⸗Expedition, Redaction und Buchdruckerei:
4704 813 5259 860 Marktſtraße 54 in Hannover.
4489 871 5474 924 Expedition zur Annahme von Abonnements, An⸗
4888 927 5079 962 zeigen ꝛc.:
4486 973 5474 1026 In Kaſſel: G. Württenberger, Buch⸗ und
4857 1020 5110 1066 Kunſthändler.
136 4865 1395 4910 *) Wir wüßten nicht, daß die preußiſchen Kammern von größerem
79 5688 1342 5745 ich in den Augen Deutſchlands herabzuſetzen. Die Red.
78 4958 1386 5003 iemand ſcheut, ſeine Anſichten auszuſprechen, wenn dieſelben auch
99 5004 1394 5049 nem Napoleon nicht gefallen. Nein, ſo iſt das Schweigen der
93 5050 1404 5096 ammern vielleicht zu bemänteln, aber nicht zu erklären; und würde
78 5096 1393 5144 s ſo erklärt, ſo wäre der letzte Grund dieſes Schweigens die Furcht,
78 5142 1392 5190 nſeits des Rheines zu misfallen und zu reizen. Traurige Großmäch⸗
79 5417 1390 5465 and anzukommen. Uebrigens erſehen wir aus einem Privatbriefe,
79 5463 1391 5514 aß Heinrich v. Arnim, der Diplomat, ſich von dem kühlen Diplo⸗
79 5509 1390 5567 matiſiren losſagen und das Eis aufſtoßen will, welches als eine hals⸗
79 5554 1391 5615 rechende Glattbahn zwiſchen Preußen und Deutſchland hergekünſtelt
79 5601 1390 5647 worden. Heinrich v. Arnim wird einen Antrag in dem Abgeord⸗
84 5645 1389 5694 etenhauſe ſtellen, den dasſelbe nicht wird zurückweiſen können, ohne
105 4911 1389 4956 ewichte wären als das engliſche Parlament, in welchem ſich doch
104 5234 1391 5279 ern und der preußiſchen Preſſe iſt aber offenbar ihre vornehme Sonder⸗
100 5188 1392 5236 gkeit! — Das Schlimmſte an der Haltung der preußiſchen Kam⸗
97 5279 1390 5327 ellung gegen die Haltung des übrigen Deutſchland. Man wird
93 5325 1391 5373 icht mit ganzem Vertrauen zu Preußen ſtehen können, wenn es erſt
88 5372 1391 5418 ich hin und her gewendet, um ſchließlich in der Noth bei Deutſch⸗
5183 1170 5483 1298 1859.
1538 5110 2773 5167 In der heutigen Sitzung des Abgeordnetenhauſes
1451 5224 2773 5282 wegen Aufhebung der Wuchergeſetze, nach längerer Dis⸗
1453 5167 2772 5220 wurden Petitionen verhandelt unter denen eine Petition
1534 5327 2773 5373 *) Das wäre ja eine eben ſo weiſe, wie bundesfreundliche Hal⸗
1450 5373 2773 5419 tung. Und da ſpricht man von deutſcher Geſinnung und deutſchen
1451 5418 2774 5465 Intereſſen, wo man ſich hinter eine von Lord Palmerſton mit Napo⸗
1450 5466 2772 5509 leon abgekartete Politik verkriecht? — Iſt es doch, als hätte man in
1447 5696 2680 5737 klug iſt. Die Red.
1449 5511 2773 5555 Preußen gar keine Ahnung von dem, was Napoleon will, oder als
1449 5557 2772 5603 sähe man es mit einer gewiſſen Befriedigung an, wenn Oeſterreich
1447 5603 2771 5649 etwas gedemüthigt würde. Den Verdacht hegen wir freilich nicht,
1448 5649 2772 5695 aber wol den, daß man in Preußen wieder einmal über die Maßen
212 5844 1246 5904 🜌 Ihr da auf Deutſchlands Warte.
82 6003 631 6050 Auf’s Neu hat ſich’s gerühret
65 6050 550 6093 Dort in des Adlers Neſt.
65 6142 681 6192 Voll Raubgier Hals und Bruſt,
80 6188 537 6233 Und ſeine Augen funkeln
114 5913 701 5959 Ihr da auf Deutſchlands Warte,
83 5958 595 6004 Auf, ſchauet hin nach Weſt,
81 6096 534 6144 Es reckt der ſtolze Vogel
80 6234 537 6281 Vor wilder Kampfesluſt.
4302 4153 5542 4211 Aus der Pfalz, 24. Febr. Die proteſtantiſchen
4217 4208 5539 4267 Bevölkerungen unſerer Provinz haben bis jetzt vergebens
5042 5013 5420 5066 (Frankf. Journ.)
4216 4265 5540 4322 proteſtirt gegen die Einführung eines neuen frommen
4217 4322 5540 4381 Geſangbuches. Die Gemeinden ſchlagen jetzt einen andern
4216 4378 5538 4435 Weg ein, ſie ahmen den Proteſtanten in Baden nach
4217 4436 5539 4495 und wollen ſich in Maſſe gegen das Geſangbuch erheben.
4217 4493 5538 4552 So bereiten ſich in allen Städten und Dörfern der Pfalz,
4216 4552 5536 4612 wo der proteſtantiſche Verein ſchon Wurzeln getrieben,
4216 4608 5538 4668 Verſammlungen vor, um in entſchiedener gehaltenen
4215 4664 5538 4722 Adreſſen an die Presbyterien zu erklären, daß man eben
4216 4723 5538 4779 nicht nach dem neuen, ſondern nur nach dem alten echt
4214 4780 5537 4839 proteſtantiſchen Geſangbuche ſingen würde. Auf die
4215 4836 5534 4894 nächſt kommenden Sonntage ſind bereits in verſchiedenen
4214 4894 5535 4953 Orten, wie z. B. in Neuſtadt a. d. H. ſolche Verſamm⸗
4215 4950 5483 5011 lungen öffentlich in den Local⸗Blättern ausgeſchrieben.
806 5916 1339 5957 Ob du im Nord, im Süden
760 5962 1370 6004 Vollführſt den ſchnöden Streich:
760 6002 1342 6052 Das Vaterland des Deutſchen,
762 6054 1363 6099 Es iſt das deutſche Reich!
760 6239 1307 6278 Sei’s an des Rheines Bord.
762 6100 1267 6144 Germaniens Söhne trotzen
759 6146 1296 6190 Im Süd’ dir wie im Nord’,
760 6192 1261 6235 Sei’s auf Italiens Fluren
1452 6156 2351 6209 danach, daß Aalſen zum Geſpött wird.
1539 5807 2774 5868 Machſt Du mir den Vorwurf, ihr nicht näher ge⸗
1452 5864 2774 5924 kommen zu ſein, unterbrach er ſie, ſo gebührt er Dir
1454 5922 2772 5982 mit viel größerem Rechte, weil Du alle Beſtrebungen
1453 5979 2774 6040 Aalſen's nicht beſſer würdigſt. Alle Welt hält ſich dar⸗
1452 6036 2775 6098 über auf, alle Vorſtellungen ſind umſonſt, der Onkel
1453 6095 2771 6153 ſelbſt hat Dir ſeine Wünſche nahe gelegt, Du machſt es
77 6612 561 6656 Ertönt ſein Kampfgeſchrei.
73 6427 678 6473 Die ihm behagt zum Schmaus?
78 6473 618 6520 Schon ſchüttelt er die Federn
78 6520 649 6569 Und dehnt die Schwingen frei,
77 6566 566 6611 Und durch die Lüſte heiſer
114 6291 634 6341 Und ſeine mächt'gen Fänge,
79 6336 633 6377 Die ſtreckt er dräuend aus —
79 6380 520 6428 Wo findet er die Beute,
805 6284 1375 6328 Sei’s auf Hispaniens Feldern
758 6331 1230 6371 Und ſei es — in Paris,
757 6377 1346 6420 Wo Deutſchlands Heere fechten
760 6422 1392 6466 Für Deutſchlands iſt’s —
1034 6469 1155 6512 gewiß!
756 6504 1389 6559 D’rum laß den Kampf beginnen,
757 6607 1276 6651 In unſern Herzen dämmert
757 6654 1273 6689 Ein neues Waterloo.
756 6562 1359 6604 Wenn du es wagſt, am Po —
1536 6213 2770 6268 Das ſollte mir ſehr leid thun, erwiderte ſie; aber Du
1452 6271 2197 6328 mußt mich eigentlich bewundern.
2830 5818 4152 5882 daß ich allem Zartgefühl genug gethan habe. So lange
2831 5878 3667 5935 werde ich noch warten, nicht länger.
1536 6331 1975 6378 Wofür bewundern?
1534 6380 2769 6441 Für meine ritterliche Entſchloſſenheit. Für meine
1449 6437 2766 6498 Enthaltſamkeit, meine entſagende Tugend. Du weißt,
1448 6496 2767 6554 daß ich dir mein Wort verpfändet habe, dieſen meinen
1448 6559 2313 6615 Finger vollkommen ſtill zu halten —
2918 5934 4150 5993 Sehr richtig, Magnus, verſetzte Agnete, eine voll⸗
2831 5991 4148 6052 kommen wohl überlegte Sache. Es werden viel mehre
2832 6048 3555 6102 Dich beneiden, als Dich tadeln.
4297 5065 5536 5126 Ludwigshafen, 23. Febr. Die Pferdeausfuhr über
4214 5293 5492 5352 Vorjahres nur 3 Stück transportirt hatte. (Pf. Z.)
4215 5122 5534 5180 hier nach Frankreich iſt keineswegs unbedeutend. Unſere
4213 5181 5534 5239 Eiſenbahn beförderte nämlich ſeit einigen Wochen 158
4214 5238 5535 5295 Stück, während ſie in dem entſprechenden Zeitraum des
76 6762 623 6809 Damit zum Kampf ihr fertig
76 6808 592 6851 Wenn er den Horſt verläßt.
76 6854 606 6897 Mag er nach Süden richten,
75 6899 622 6944 Nach Norden ſeinen Stoß —
66 6947 628 6992 Wohl zum Empfang gerüſtet,
109 6669 697 6717 Ihr da auf Deutſchlands Warte,
77 6716 594 6758 Auf, ſchauet hin nach Weſt,
74 6992 513 7038 Bereitet ihm ſein Loos.
2820 7427 3266 7473 Combination dabei.
2917 6107 4148 6167 Die mich tadeln wollen, erwiderte Magnus, werden
2830 6163 4146 6218 vielleicht hervorheben, daß meine Braut aus einer Bauern⸗
2830 6221 4146 6281 oder Krämerfamilie ſtammt. Ich habe jedoch auch dieſen
2830 6277 4146 6335 Punkt erwogen. Noch haben wir keinen Adel wieder in
2829 6336 4146 6397 Norwegen, allein ich hoffe, daß er bald hergeſtellt wird
2828 6394 4145 6454 und dann wird es wieder Freiherren Capelen geben.
2827 6449 4147 6510 Für jetzt ſind wir jedoch ſämmtlich gleich, unſere Ariſto⸗
2826 6508 4144 6567 kratie bilden die einflußreichen und geldreichen Familien.
2826 6564 4144 6626 Zu dieſen gehört Jakob Aalſen. Er iſt ſehr reich, Agnete,
2824 6617 4143 6684 reicher als ich glaubte; dabei iſt ſein Anſehn in Bergen
2826 6677 4143 6739 groß. Das beweist auch ſeine jetzt erfolgte Wahl in den
2827 6737 4143 6794 Storthing, endlich aber kommt noch ein Punkt in Be⸗
2824 6795 4142 6855 tracht. Aalſen hat immer als Demokrat gegolten, als
2824 6852 4142 6913 Herzensfreund und Glaubensgenoſſe des gefürchteten
2825 6909 4142 6968 Probſtes Hegborg; von jetzt ab wird dies nicht mehr der
2823 6966 4141 7029 Fall ſein; er und ſein Anhang werden zu uns gehören.
2824 7024 4142 7081 Seit dieſer verſtockte Prieſter lieber Norwegen verheert
2823 7084 4141 7143 und verbrannt ſehen wollte, als den ſchwediſchen König
2824 7139 4140 7198 mit der norwegiſchen Krone auf dem Haupte, iſt ſein
2823 7199 4140 7256 Name ein Gräuel in Stockholm. Der König wird daher,
2822 7256 4140 7317 wenn er dies Alles vernimmt, außerordentlich gnädig
2822 7312 4138 7369 ſein, und meine Heirath mit Gerda Aalſen wird ſeinen
2821 7369 4140 7431 höchſten Beifall finden. Es iſt ſomit auch eine politiſche
802 6700 1387 6743 Ihr da auf Deutſchlands Warte,
756 6745 1294 6791 Auf blicket ſcharf nach Weſt;
759 6791 1361 6837 Es breitet ſchon die Schwingen
757 6835 1231 6881 Der Adler auf dem Neſt.
758 6881 1294 6928 Voll Beutegier ſchon ruft er
758 6926 1228 6971 Den andern Troß herbei,
758 7016 1251 7066 Ertönt ſein Kampfgeſchrei.
758 6972 1251 7020 Und durch die Lüfte heiſer
1533 6611 2768 6670 Nehmen Deine Thorheiten denn niemals ein Ende,
1445 6901 2353 6959 Sees von Holmedal zurückgeblieben ſei.
1447 6669 2766 6730 Agnete! rief Magnus, indem er den Feuerſchürer von
1446 6726 2766 6786 ſich warf. Bei Gott! man ſollte glauben, daß noch
1445 6784 2766 6838 immer etwas von dem romantiſchen Schäferſpiele mit
1444 6843 2765 6903 dem jungen Königsſohne und Beherrſcher des romantiſchen
4297 5353 5531 5412 Mannheim, 26. Febr. Aus dem badiſchen Ober⸗
4210 5409 5533 5470 lande kommt uns die Nachricht zu, daß die großh. Re⸗
4211 5524 5471 5580 kaufe und gute Preiſe dafür anlege. (Mann. J.)
4211 5466 5532 5525 montirungs⸗Commiſſion außergewöhnſich viel Pferde an⸗
4294 5582 5533 5638 Frankfurt a. M., 27. Febr. Eine Circular⸗
4209 5639 5532 5700 depeſche Walewsky’s vom 21. d. M. an die franzöſiſchen
4211 5696 5531 5757 Agenten ꝛc. Deutſchlands iſt auch hier eingetroffen. Sie
65 7412 655 7462 Wir für das Vaterland!
65 7141 637 7190 Nicht bringt aus ihren Fugen
70 7187 567 7230 Dein Uebermuth die Welt.
65 7223 638 7281 Für Recht und Ehre wappnen
65 7279 594 7325 Wir muthig unſre Hand —
65 7324 700 7376 Wie Hermanns Söhne
336 7374 535 7418 kämpfen
67 7089 490 7144 Du prahleriſcher Held,
112 7050 695 7092 Komm’ an mit deinen Schaaren,
803 7064 1382 7113 Ihr da auf Deutſchlands
1029 7113 1184 7157 Warte,
754 7155 1347 7202 Zu Frankfurt, habet Acht!
755 7203 1364 7249 Und wenn die Würfel fallen —
1302 7479 1341 7513 E.
754 7248 1298 7292 O, dann nicht lang’ bedacht.
753 7293 1321 7340 „Wir ſind bereit zum Kampfe
750 7339 1258 7383 Für Ehr’ und Vaterland!“
749 7386 1242 7428 So ruft es an der Eider,
750 7431 1290 7476 So ruft’s am Donauſtrand.
1530 6957 2765 7018 In welchem Du einen Lachs fangen wollteſt, der
1442 7017 2368 7075 aber ſo wenig ſtaatsmänniſch dachte —
4203 6400 5528 6466 Haar und ſeine Augen einen an Befehlen gewöhnten
4294 5827 5532 5885 Sie umarmte ihn trotz ſeines Widerſtrebens, und eben
4206 5884 5533 5948 trat der Staatsrath Capelen herein, dem dieſe ergötzliche
4206 6458 4497 6518 raſchen Blick.
4208 5942 5532 6002 Scene ſehr zu gefallen ſchien. Er war zwar ohne Uni⸗
4207 5999 5532 6058 form, da dieſe in Norwegen nicht üblich ſind, allein er
4206 6058 5531 6120 trug den Nordſtern⸗Orden und beſaß etwas, was hier zu
4205 6113 5531 6176 Lande ſelten gefunden wird, das Weſen und die Formen
4206 6170 5532 6229 eines von ſeiner Machtvollkommenheit erfüllten Büreau⸗
4206 6228 5530 6291 kraten. Kräftig und wohlbeleibt, hielt er ſich in faſt eben
4206 6286 5528 6347 ſo ſteifer Haltung wie ſein Neffe; dabei hatte ſein volles
4205 6343 5530 6405 Geſicht ſcharfe ſtrenge Züge, der ſtarke Kopf dünnes helles
1528 7073 2763 7133 O, zum Teufel mit aller Narrheit! rief Magnus Ca⸗
1440 7246 2761 7307 Deine Hand gereicht, ſo wäre Alles längſt in Ordnung.
1440 7131 2763 7190 pelen, indem er aufſtand. Wärſt Du einmal in dieſen
1440 7189 2762 7246 drei Monaten verſtändig geworden, und hätteſt Chriſti
1524 7303 2760 7361 Wer wird ſo undiplomatiſch laut und heftig werden,
1439 7362 2762 7419 erwiderte ſie, mit dem Finger drohend. Von dem Be⸗
1439 7419 2761 7481 herrſcher der glückſeligen ſchwimmenden Inſeln bitte ich
1438 7654 1807 7708 trag zu erfüllen.
1438 7477 2760 7538 zu ſchweigen, das Schäferſpiel hat ſein Ende erreicht und
1440 7536 2758 7593 wird niemals wieder beginnen. Was aber mein Hand⸗
1439 7594 2761 7652 ausſtrecken betrifft, ſo iſt es nicht an mir, unſeren Ver⸗
489 7527 959 7586 [✝] Zwei Könige.
588 7654 834 7698 (Fortſetzung.)
439 7594 997 7641 Roman von Th. Mügge.
60 7706 1379 7764 Fräulein Agnete lachte ihn aus. Wir leben ſehr einig,
60 7765 1381 7825 ſehr zuſrieden, ſagte ſie, und warum hätte ich mich än⸗
179 7823 325 7879 ſollen?
4262 6515 5526 6578 Als er die beiden Geſchwiſter, ſeine nächſten Ver⸗
4200 7147 5049 7205 der Zug in Grörud angekommen iſt.
4203 6573 5526 6634 wandten, in ihrer Umarmung erblickte, überkam ihn ein
4203 6630 5526 6695 Wohlwollen, und er ſtreckte ſeine Hände aus und ſagte
4203 6687 5524 6750 freundlich: Guten Tag, Kinder! Das iſt mir lieb, euch
4202 6744 5524 6804 ſo einig und zärtlich zu ſehen. Steht immer ſo bei⸗
4202 6802 5524 6867 ſammen im Leben, und höre auf Magnus, liebe Agnete,
4201 6860 5526 6919 ich bin ſehr mit ihm zufrieden. Aber wir haben keine
4200 6916 5524 6981 Zeit mehr zu Sermonen, Magnus, wir müſſen fort;
4201 6975 5526 7034 unten hält mein Wagen. Es kann keine halbe Stunde
4201 7032 5525 7092 mehr dauern, ſo iſt der König da. Eben fuhr ein Ad⸗
4200 7089 5524 7155 jutant vorüber, der ſein Tuch ſchwenkte zum Zeichen, daß
1524 7710 2757 7769 Sehr wohl, ſagte er, wir wollen damit abſchließen.
1438 7766 2757 7826 Im nächſten Monat wird der Storthing verſammelt,
1438 7823 2757 7884 Gerda’s Vater wird dann hier ſein; Du wirſt finden,
2905 7484 4139 7543 Alle höhere Heirathen ſind Sache politiſcher Com⸗
2820 7540 4138 7600 binationen, alle Prinzeſſinnen heirathen nach Staats⸗
2817 7590 4137 7663 intereſſen! rief Fräulein Agnete. Vortrefflich ausgeſonnen,
2816 7830 3127 7877 vermält wird.
2817 7657 4136 7721 mein geliebter Bruder! Komm in meine Arme! Ich
2818 7715 4136 7778 bin ſo ſtolz auf Deine politiſche Kühnheit, und wie ſtolz
2817 7770 4138 7834 muß Gerda ſein! Wie eine Prinzeſſin, die nach Politik
4287 7208 5523 7272 Du kommſt doch wieder, lieber Onkel? fragte das
4199 7262 4402 7316 Fräulein.
4286 7321 5522 7388 Sobald ich entlaſſen werde, Kind. Wenn der König
4198 7550 5367 7617 Alles. Was ſteht in dem Wochenblatt, Magnus?
4198 7374 5522 7442 kommt, tritt auf den Balkon; es wird ihm lieb ſein und
4198 7434 5522 7497 er ſagt mir gewiß, daß er Dich geſehen hat: denn ſeine
4199 7493 5522 7559 Augen ſind noch immer wahre Feldherrnaugen. Er ſieht
4283 7607 5518 7673 Wahlberichte, Onkel. Jakob Aalſen iſt in Bergen
4196 7666 4570 7722 gewählt worden.
4281 7720 5517 7785 Ich weiß es ſchon, fiel der Staatsrath ein, auch Euer
4196 7836 4518 7884 wird kommen.
4195 7780 5517 7846 guter Freund, mit dem ihr ſo artige Unterhaltung hattet,
