5998 8263
828 274 2044 333 Beide Häuſer hielten heute die üblichen Eröffnungs⸗
740 329 2043 396 Sitzungen. Im Herrenhauſe wählte man ſofort das
738 383 2043 454 Präſidium, und zwar zum erſten Präſidenten wieder den
739 440 2043 515 Grafen Eberhard Stolberg, dem man wegen ſeiner voraus⸗
736 1404 961 1453 druckt ſind.
735 499 2043 576 ſichtlich häufigen Abweſenheit ſtatt des alten Herrn v. Franken⸗
736 557 2043 634 berg den ziemlich jungen Fürſten Putbus als erſten, den
734 615 2039 692 Grafen Brühl wieder als zweiten Vicepräſidenten beigab.
730 672 2041 749 Fürſt Putbus gehört zwar zu der hohen Ariſtokratie, welche
733 732 2042 808 ſich im Ganzen, im Gegenſatz zu dem Kleinadel, zur freicon⸗
732 789 2041 866 ſervativen Partei hält, gerade er ſteht aber dem Junkerthum
735 849 2040 923 der rechten Seite des Herrenhauſes nahe. Mit der üblichen
735 907 2042 983 Rückſichtsloſigkeit gegen die liberale Minderheit, der wie ge⸗
736 965 2041 1041 wöhnlich Herr v. Waldaw⸗Steinhöfel als Sprachrohr diente,
734 1022 2042 1103 lehnte man den Vorſchlag des Oberbürgermeiſters Haſſelbach,
735 1084 2042 1161 behufs einer Vorberathung die Vicepräſidentenwahl zu ver⸗
735 1141 2043 1220 ſchieben, ab. Morgen werden im Herrenhauſe ſchon Vor⸗
735 1199 2041 1281 lagen eingebracht werden, im Abgeordnetenhauſe, wo
735 1257 2043 1332 die Wahl des Präſidiums morgen ſtattfindet, Freitag ſofort
736 1314 2043 1393 das Budget und die Kreisordnung, die beide ſchon ge⸗
823 1444 2040 1518 Ueber die Reiſe des Kronprinzen nach Wien
744 2688 1750 2764 Zwecke ſoeben aus Varzin hier eingetroſfen iſt.
737 1504 2038 1581 bemerkt heute die „Prov.⸗Corr.“: „Der Beſuch unſeres
738 1561 2040 1648 Thronerben am kaiſerlichen Hofe iſt mit Recht überall als
739 1621 2043 1695 ein bedeutſames Anzeichen dafür aufgefaßt worden,
739 1677 2039 1762 welchen Werth die beiderſeitigen Regierungen auf die er⸗
738 1737 2042 1815 neute Bethätigung freundſchaftlicher Beziehun⸗
741 1795 2039 1884 gen legen. In ſolchem Sinne iſt der Beſuch diesſeits in
741 1854 2042 1939 Ausſicht genommen und in gleichem Geiſte von Sr. Maje⸗
741 1916 2043 1999 ſtät dem Kaiſer⸗König Franz Joſeph entgegenkommend be⸗
742 1976 2040 2060 grüßt worden.“ Die Angabe, daß Graf Uſedom
743 2034 2042 2112 den Kronprinzen nach Wien begleiten würde, welche von
742 2093 2045 2175 mehren Zeitungen gebracht ward und in Wien großes Erſtaunen
742 2152 2042 2236 erregte — mit Rückſicht auf die „Uf dom’ſche Note“  — iſt,
742 2213 2041 2294 wie anzunehmen war, unbegründet. Der Kronprinz hat den
745 2270 2045 2352 Grafen eingeladen, ihn nach Egypten zu begleiten, Graf
742 2332 2046 2409 Uſedom lehnte ſedoch die Einladung ab, angeblich wegen der
745 2388 2045 2469 Anſtrengung auf der Reiſe; er wird die Kronprinzeß in
743 2447 2042 2519 Verona erwarten und von da nach Frankreich geleiten. In
743 2510 2043 2586 der Begleitung des Kronprinzen nach Wien wird ſich dagegen
744 2567 2049 2645 der Legationsrath v. Keudell befinden, der diplomatiſche
745 2626 2046 2705 Adjutant des Grafen Bismarck, von dem er zu dieſem
833 2758 2049 2824 ✽ Breslau, 6. Oct. (Provinzial⸗Verwaltung.)
746 2817 2050 2888 Der Provinzial⸗Landtag hat die Vereinigung der bisher von
746 3228 2053 3296 des Schweidnitzer Kreiſes Grafen Pückler auf Oberweiſtritz.
747 2875 2053 2948 der Regierung verwalteten ſtändiſchen Anſtalten zu einer
745 2934 2051 3009 Provinzial⸗Verwaltung beſchloſſen; derſelben liegt ein, dem
749 2993 2053 3068 hannoverſchen ähnliches Regulativ zu Grunde. Die Ver⸗
745 3052 2053 3124 waltung leitet eine „Landesdeputation“ (ſtändiſcher Ausſchuß),
745 3111 2054 3182 die laufenden Geſchäfte führt der „Landeshauptmann“; für
748 3170 2053 3240 die letztere Stelle wählte der Landtag heute den Landrath
836 3300 2057 3371 ✽ Königsberg, 5. Oct. (Der Polizeipräſident
748 3420 1553 3485 vierwöchigen Urlaub angetreten.
748 3359 2051 3428 v. Pilgrim), hat, wie die „K. H. Z.“ meldet, einen
839 3488 2054 3570 ✽ Frankfurt, 6. Oct. (Landtags⸗Wahl.) Bei
750 3546 2057 3616 der heutigen Wahl zum Abgeordnetenhauſe iſt Dr. Kugler
752 3606 2058 3676 nicht wieder, ſondern Dr. Guido Weiß, der Redacteur der
761 4319 1075 4376 gliedern bilden.
758 3664 2057 3735 „Zukunft“ in Berlin und Candidat der Volkspartei, gewählt
755 3722 2058 3783 worden. Im erſten Wahlgang erhielten: Dr. Guido Weiß
762 3780 2057 3848 102, Dr. Kugler 90, Dr. jur. Paſſavant 18, Dr. M.
757 3839 2059 3910 Reinganum 1 Stimme. Im zweiten Wahlgang Dr. Guido
757 3897 2058 3967 Weiß 90, Dr. Kugler 43, Dr. jur. Paſſavant 2 Stimmen.
757 3956 2060 4016 Die 90 Stimmen, welche Dr. Kugler zuerſt erhielt, waren
757 4014 2061 4081 die der jüngſten Wahlmännerverſammlung; ein Theil der ſo
761 4072 2063 4135 Votirenden hat ſich dann, den Sieg des Dr. Weiß vor⸗
766 4130 2062 4199 ausſehend, entfernt. An der Bedeutſamkeit jener
764 4187 2060 4257 Wahlverſammlung ändert dieſes Reſultat offenbar nichts.
761 4245 2061 4309 Dr. Weiß wird mit Jacoby eine Fraction von zwei Mit⸗
847 4373 2063 4434 ✽ Dresden, 5. Oct. (Redefreiheit.) In der
758 4431 2063 4503 zweiten Kammer iſt von dem Vicepräſidenten Streit ein
761 4489 2062 4558 Antrag auf Herſtellung der parlamentariſchen Redefreit nach
758 4549 2064 4612 dem Muſter der in norddeutſcher Verfaſſung enthaltenen Be⸗
758 4617 1378 4676 ſtimmung eingebracht worden.
848 4676 2063 4742 ✽ München, 6. Oct, (Kammer⸗Auflöſung.) Das
761 5146 1459 5208 werden ſchleunigſt ausgeſchrieben.
764 4734 2066 4801 Miniſterium hat ſich endlich zu der von der geſammten libe⸗
760 4793 2066 4859 ralen Preſſe in den letzten Tagen verlangten Auflöſung der
758 4850 2062 4913 Kammer entſchloſſen: vor Beginn des achten Scrutiniums
759 4909 2060 4982 zur Präſidentenwahl verlas der Alterspräſident ein königliches
760 4967 2064 5037 Decret, datirt Schloß Berg vom heutigen Tage, durch welches
762 5024 2068 5093 die Auflöſung verfügt wird. Es wird nun ohne Zweifel
759 5082 2064 5149 eine äußerſt erregte Wahl⸗Agitation folgen. Die Neuwahlen
850 5197 2064 5267 (Der Kronprinz von Preußen) paſſirte auf ſeiner
762 5258 1717 5328 Reiſe nach Wien heute Vormittag München.
1090 5351 1738 5418 Oeſterreich.
820 5428 2068 5494 ✽ Wien, 5. Oct. (Die czechiſchen Landtage.
765 5660 2075 5738 haben ſich daſelbſt 91 Abgeordnete, auf dem mähriſchen
764 5485 2070 5559 Graf Beuſt. Soldatenexceſſe.) Ihre Sitze im
762 5542 2071 5618 böhmiſchen Landtage haben nun auch die Miniſter Herbſt,
764 5601 2075 5678 Plener und Hasner eingenommen. Der Declarantenpartei
2102 260 3407 332 Landtag 31 angeſchloſſen. Dieſelben haben eine Adreſſe an
2100 318 3407 390 den Kaiſer abgeſaßt, in welcher vor Allem gegen den Be⸗
2101 1073 2662 1137 immer für eine Sparkaſſe.
2101 372 3406 449 ſtand der Delegationen, wie ſie jetzt ſind, angekämpft wird.
2102 427 3405 504 Als politiſche Eintheilung wird jene in Ländergruppen ge⸗
2101 483 3408 564 wünscht, und gewiſſe Angelegenheiten (Krieg, Finanzen u. ſ. w.)
2099 539 3411 621 ſollen als gemeinſame Angelegenheiten dieſer Gruppen erklärt
2100 598 3411 668 werden. Unter den weiteren Forderungen befindet ſich
2101 654 3412 733 auch die, daß das Miniſterium nicht in Wien ſeinen
2099 711 3410 790 Sitz haben dürfe. — Bei der Jubiläumsfeier der Wiener
2100 768 3416 850 Sparkaſſe hielt geſtern Graf Beuſt eine Rede friedlicher
2099 827 3414 908 Tendenz. In dem bekannten leichten Tone gehalten, geht
2100 883 3411 964 der Toaſt zwar auf die Kriegs⸗ und Friedensfrage nicht ernſt⸗
2100 940 3417 1019 haft ein, aber er appellirt  an das öffentliche Vertrauen, das
2100 996 3420 1075 für einen Miniſter des Aeußern ſo nothwendig ſei, wie nur
2190 1119 3420 1201 Es ſoll im Folgenden ſicher nicht dem militäriſchen
2102 1178 3423 1263 Kaſtengeiſt oder gar dem wohlfeilen, ſäbelraſſelnden Ueber⸗
2101 1235 3420 1318 muth das Wort geredet werden, wie er ſich auch in der
2101 1295 3423 1375 preußiſchen Armee vorfindet. Die tendenziöſe Verlästerung
2110 2837 3320 2903 und ſo entkamen beide unangefochten. Vivat sequens!
2102 1354 3424 1434 der preußiſchen Armee aber, wie ſie Blätter vom Schlage
2103 1413 3422 1492 der „Deutſchen Volkszeitung“ gewerbsmäßig
2102 1473 3426 1548 betreiben, veranlaßt uns zu einigen berichtigenden
2103 1533 3422 1605 Bemerkungen. Die „ Deutſche Volkszeitung“ wurde
2102 1591 3423 1660 in einer ihrer letzten Nummern durch ihre bekannte Wahr⸗
2102 1650 3425 1719 heitsliebe veranlaßt, die große Unwahrheit auszuſprechen, daß
2102 1709 3422 1778 Säbelaffairen und Exceſſe nirgends ſo häufig vorkommen wie
2102 1773 3425 1833 in der preußiſchen Armee. Da die Redaction des genannten
2102 1828 3427 1893 Blattes höchſt wahrſcheinlich auch öſterreichiſche Zeitungen
2101 1886 3424 1955 hält, ſo muß ihr bekannt geweſen ſein, daß ſie eine grobe
2104 1945 3427 2014 Unwahrheit ausſprach. In keiner Arme kommen ſo viele
2107 2007 3427 2075 Exceſſe gegen Civilisten vor, wie in der, der „Deutſchen
2105 2064 3426 2134 Volkszeitung“ ſo lieben öſterreichiſchen Armee, an welche ſich
2104 2124 3428 2192 ſodann die Armee des freien Belgien anreiht. Aber
2104 2183 3424 2251 freilich Exceſſe, die von dort gemeldet werden, verſchweigen
2106 2245 3425 2308 die um die Aufklärung des Publikums ſo beſorgten, wahr⸗
2106 2301 3430 2371 heitsliebenden Volksparteiblätter conſequent. Wir wollen
2106 2359 3430 2429 daher ihrem Gedächtniß etwas aufhelfen, indem wir die in
2108 2418 3429 2486 öſterreichiſchen Blättern berichteten Säbelaffairen die
2107 2479 3430 2548 nächſte Zeit über einmal regiſtriren wollen. Gleich heute
2106 2537 3429 2604 können wir, ins volle Leben greifend, aus Brünn einen Fall
2109 2598 3423 2667 anführen. Dort ſäbelten vor etlichen Tagen zwei Jäger
2109 2659 3431 2720 einen alten Mann, der ihnen auf offener Straße begegnete,
2110 2716 3429 2785 ohne jede Veranlaſſung, nur aus truukenem Uebermuth
2110 2776 3429 2839 nieder. Das Publikum wagte nicht, die Strolche zu packen,
2454 2939 3104 3007 Frankreich.
2201 3018 3434 3087 ✽ Paris, 5. Oct. (Die Stimmung. Strike.)
2133 5652 3451 5705 Verdienſt dieſes Generals beſteht darin, den Staats⸗
2114 3077 3436 3142 Trotz der Aufregung, die wegen der dem Geſetz⸗
2116 3139 3437 3205 gebenden Körper von Seiten der Regierung widerfahren⸗
2115 3197 3438 3259 den verächtlichern Behandlung allgemein herrſcht, führen
2115 3255 3431 3318 die meiſten Oppoſitionsblätter mit Ausnahme des „Rappel“
2115 3313 3435 3380 und „Reveil“ doch eine ſehr beſonnene Sprache. Auch die
2118 3373 3435 3440 oppoſitionellen Abgeordneten rathen von allen aufrühreriſchen
2118 3434 3433 3504 Schritten ab; ſo beſtätigt z. B. Herr Raspail, der dem
2118 3492 3438 3556 Kaiſer ein beſonderer Dorn im Auge iſt und von welchem
2118 3551 3434 3616 Napoleon in dem letzten entſcheidenden Miniſterrath geſagt
2117 3610 3435 3674 haben ſoll: „Ich will mir nicht länger von dieſem Herrn
2119 3667 3437 3732 Raspail auf der Naſe herumtanzen laſſen,“ — daß er ſich
2118 3728 3433 3783 am 26. October in der Kammer einfinden werde, aber zu⸗
2117 3786 3436 3851 gleich fordert er die Bürger auf, ruhig zu Hauſe zu
2121 3846 3440 3902 bleiben und vor Allem der Militärgewalt nicht den
2119 3902 3440 3968 geringſten Widerſtand entgegenzuſetzen. Nichtsdeſtoweniger iſt
2118 3964 3439 4024 die allgemeine Verſtimmung eine tiefe, und die Hoforgane
2118 4020 3434 4082 tragen das Ihrige dazn bei, um die Gluth zu ſchüren, in⸗
2120 4079 3433 4137 dem ſie die Gegner verhöhnen und den lächerlichen Verſuch
2122 4137 3438 4196 machen, das Kaiſerreich damit zu glorificiren, daß ſie be⸗
2121 4194 3435 4255 haupten, ganz Deutſchland ſei wegen der „Ereigniſſe in
2121 4252 3437 4310 Frankreich“ in fieberiſcher Aufregung, woraus folge: „1) die
2120 4310 3434 4372 große Rolle, die Napoleon III. bei den europäiſchen Regie⸗
2120 4370 3437 4430 rungen ſpielt, und 2) der entſcheidende Einfluß, den jede
2119 4427 3440 4487 unſerer (franzöſiſchen) inneren Phaſen unmittelbar auf die
2120 4486 3438 4545 Haltung der Nachbarvölker ausübt.“ Solche Albernheiten
2121 4548 3441 4603 müſſen alle Ehrliebenden, denen ſie geboten werden, empö⸗
2121 4604 3442 4660 ren, und ſo bekommt man auch Aeußerungen zu hören, wie
2120 4663 3439 4720 die des „Rappel“, welcher vorſchlägt, die oppoſitionellen Deputir⸗
2121 4722 3443 4778 ten ſollen ſich am 26. bei der Baſtille verſammeln und von dort
2123 4780 3441 4832 aus über die Boulevards nach dem Geſetzgebenden Palaſte
2122 4839 3441 4898 ziehen. Der Zug werde ſich zu einer koloſſalen Prozeſſion
2123 4896 3443 4956 geſtalten, und wenn der Kaiſer dagegen einſchreiten wollte,
2124 4955 3444 5010 würden ihm nur Maſſenverhaftungen übrig bleiben, die einem
2124 5013 3443 5066 Selbſtmorde des 2. Decembers gleichkommen würden. Und
2126 5072 3445 5124 im Departement der Seine fordert ein von vielen Hunderten
2125 5130 3445 5187 unterzeichneter Aufruf die Abgeordneten des Departements
2127 5186 3447 5244 auf, ſich Angeſichts der dem Geſetzgebenden Körper zugefüg⸗
2126 5245 3446 5301 ten Beſchimpfung feſter, würdiger und muthiger zu beweiſen
2131 5303 3448 5360 als bisher; es iſt eine Art Naſe der Wähler an die Ge⸗
2129 5362 3448 5416 wählten und wird auf die letzteren den Eindruck nicht ver⸗
2129 5419 3450 5474 fehlen. In Pontoiſe endlich weigerte ſich Herr Lefêvre⸗Por⸗
2129 5478 3449 5533 talis, Deputirter des Seine⸗ und Oiſe⸗Departements, ſich an
2131 5536 3447 5590 der auf den 10. anberaumten feierlichen Enthüllung der
2131 5594 3451 5647 Statue des Generals Leclerc zu betheiligen. Das einzige
3465 235 4773 307 ſtreich des 18. Brumaire zu Gunſten ſeines Schwagers Bo⸗
3470 291 4783 361 naparte ausgeführt zu haben. Herr Lefêvre, keineswegs ein
3469 350 4357 416 „Unverſöhnlicher“, ſchreibt nach Pontoiſe:
3483 1009 3781 1058 gegeben haben.
3536 402 4777 463 Im Augenblicke, wo die Vertagung des Geſetzgebenden
3469 447 4780 507 Körpers den Mandatairen Frankreichs ein auf ſchimpfliche Weiſe
3469 492 4778 553 verlängertes Schweigen auferlegt, kann es mir nicht conveniren,
3469 538 4783 595 das Lob desjenigen anzuhören, welcher eine franzöſiſche Ver⸗
3470 584 4782 648 ſammlung durch Soldaten aus einander treiben ließ. Die
3474 630 4791 685 Staatsſtreiche ſind die Attentate der perſönlichen Regierung, und
3472 678 4788 731 da das Frankreich von 1869 der perſönlichen Regierung ein Ende
3472 725 4790 778 machen will, ſo ſcheint mir, daß die Statuen, die man denen
3475 771 4796 827 ſetzt, welche die Staatsſtreiche ausgeführt, dem Lande angethane
3477 818 4792 868 Beleidigungen ſind. Siebenzig Jahre nach dem 18. Brumaire
3478 864 4799 915 und achtzehn Jahre nach dem 2. December, wäre es Zeit, die
3479 911 4800 962 öffentlichen Ehrenbezeigungen denen vorzubehalten, welche die
3479 958 4796 1008 Diener des Landes waren, aber nicht denen, welche ihm Herren
3571 1063 4803 1120 Heinrich Rochefort nimmt die Candidatur im erſten
3484 1121 4804 1179 Pariser Wahlbezirk an. Indem er dies den Wählern brief⸗
3489 1957 3945 2009 Sie wurde aufgelöst.
3485 1181 4796 1241 lich mittheilt, fügt er bei, er hoffe, daß der Geſetzgebende
3485 1242 4804 1298 Körper ſich bald in den „Convent“ verwandeln werde.
3485 1298 4799 1360 Im „Rappel“ theilt Rochefort ſerner mit, daß er während
3486 1355 4801 1420 der Emeute vom Juni nach Paris gekommen war und ſich
3485 1416 4809 1478 hier zwei Tage aufgehalten hatte, ohne daß die Behörde
3487 1475 4806 1537 davon unterrichtet geweſen wäre. „Ich hatte,“ ſagt er,
3494 1530 4802 1597 „dieſe gefährliche Reiſe lediglich unternommen, um mich
3487 1588 4807 1653 durch den Augenſchein von der in den Straßen von Paris
3485 1648 4810 1715 herrſchenden Stimmung zu überzeugen.“ Am letzten Sonn⸗
3486 1711 4811 1772 tag demonſtrirte eine öffentliche Verſammlung gegen den
3487 1765 4813 1832 Kaiſer, indem ſie den wegen Verſchwörung gegen das Leben
3490 1829 4813 1891 des Kaiſers zu lebenslänglicher Galeerenſtrafe in Cayenne
3487 1890 4814 1951 verurtheilten Tibaldi zu ihrem Ehrenpräſidenten ernannte.
3576 2016 4817 2079 Das „Memorial de la Loire“ bringt ſchlimme Kunde
3489 2073 4819 2127 über Arbeiterwirren in Rive⸗de⸗Gier. Die Arbeitsein⸗
3491 2133 4818 2196 ſtellung greift um ſich und Banden durchziehen das Land,
3491 2441 3607 2495 geeilt.
3489 2190 4817 2255 um die Arbeiter, die noch zu den Gruben kommen, zur Ein⸗
3489 2250 4826 2316 ſtellung der Arbeit zu zwingen. Zwei Compagnien Infan⸗
3488 2312 4822 2372 terie ſind von Saint⸗Etienne nach Rive⸗de⸗Gier gerufen wor⸗
3492 2366 4823 2434 den; auch der Präfect der Loire iſt an Ort und Stelle
3920 2558 4435 2614 Spanien.
3582 2640 4824 2701 ✽ Madrid, 5. Oct. (Die Unruhen. Der
3492 2701 4827 2762 Throncandidat.) In der heutigen Cortesſitzung wurde
3500 3704 4760 3766 weſenden Abgeordneten erwarte, um jene Frage zu löſen.
3493 2756 4828 2820 die Debatte über die Suspendirung der verfaſſungsmäßigen
3495 2817 4825 2879 Freiheiten in den aufſtändigen Orten fortgeſetzt. Die dem⸗
3495 2873 4829 2939 nächſtige Vertagung der Cortes iſt wahrſcheinlich. Die
3497 2933 4829 2999 officiöſen Nachrichten über den Aufſtand in den Provinzen
3496 2992 4830 3057 lauten andauernd günſtig. Die aufrühreriſchen Banden in
3496 3057 4828 3114 Orenſe und Murcia ſind vollſtändig geſchlagen worden.
3499 3114 4830 3173 Der Chef der Bande in Orenſe iſt gefangen genommen und
3500 3229 4823 3295 einige Banden in Catalonien, 2 in Arragonien und eine in
3500 3289 4826 3351 Andaluſien. Die Inſurgenten fliehen überall und richten
3500 3350 4831 3413 großen Schaden an. — Wie unſicher ſich die Regierung den
3501 3405 4828 3471 Parteien gegenüber fühlt, geht daraus hervor, daß Prim in
3500 3465 4835 3529 einer Berathung der monarchiſchen Mehrheit zu verſtehen
3500 3527 4834 3590 gab, eine eigentliche Entſcheidung über die Aufſtellung des
3499 3585 4836 3649 Herzogs von Genua als Throncandidaten ſei noch nicht ge⸗
3499 3641 4837 3707 faßt, indem die Regierung die Ankunft der vielen noch ab⸗
3498 3169 4830 3233 den Behörden übergeben worden. Es existiren jetzt nur noch
3772 3868 4541 3926 Hannover, den 7. October.
3590 3935 4833 3993 ✽ (Der Provinzial⸗Landtag) erledigte geſtern die
3500 3993 4837 4052 Vorlage, betr. die Uebernahme der Landes⸗Credit⸗
3501 4052 4833 4109 Anſtalt, im Weſentlichen nach den Anträgen der Commiſ⸗
3502 4467 4199 4520 fonds zugestanden werden möge.
3502 4112 4838 4168 ſion, nur mit einigen Abweichungen von denſelben. Hinſicht⸗
3503 4170 4838 4225 lich des Kloſterfonds ſprach man allſeitig den Wunſch
3503 4228 4838 4284 aus, daß derſelbe auch ferner geſondert von den allgemeinen
3502 4288 4833 4342 Staatsfonds verwaltet werden möge; es wurde beſchloſſen,
3502 4347 4838 4402 den Wunſch auszuſprechen, daß dem Provinzial⸗Landtage
3503 4404 4838 4460 eine weitere Einwirkung auf die Verwaltung des Kloſter⸗
3577 4544 4838 4593 ✽ (Milit. Perſonalien.) Frhr. v. d. Busſche⸗
3503 4639 4690 4686 Ulanen⸗Regt. Nr. 14, mit Penſion der Abſchied bewilligt.
3504 4592 4835 4637 Haddenhauſen, Rittm. und Escadr. Chef vom 2. Hannov.
3574 4695 4826 4743 ✽ (Kirchliche Perſonalien.) Die Pfarre Gr. Schneen
3505 4743 4834 4790 iſt dem Paſtor Ahlborn in Weende, die Pfarre Heyerſum⸗
3515 5581 4838 5628 Hannover, zum Pfarr⸗Collaborator bei der Gartenkirche daſelbſt
3506 4789 4833 4837 Mahlerten dem Rector Elbe zu Lauterberg, die Pfarre Vahl⸗
3506 4837 4829 4885 bruch dem Rector Greiffenhagen zu Bodenwerder, die
3505 4883 4834 4930 Pfarre Gerdau dem Paſtor Bartels zu Horſt, die Pfarre
3505 4930 4835 4978 Blender dem Paſtor coll. Friedrich bei der Gartenkirche zu
3507 4977 4836 5023 Hannover, die Secundariat⸗Pfarre Bevenſen dem Paſtor coll.
3506 5023 4827 5069 Lyra zu Wittingen und die Pfarre Achelriede dem Paſtor coll.
3507 5070 4830 5115 Meyer daſeibſt verliehen. Der für die Stelle eines Interims⸗
3507 5118 4836 5162 predigers bei der erſten St. Wilhadi⸗Pfarre in Stade erwählte
3515 5632 3676 5666 ernannt.
3509 5163 4829 5209 bisherige Pfarradjunct Borſtelmann daſelbſt hat die Beſtäti⸗
3508 5210 4833 5257 gung erhalten. Dem für die Pfarre Flachſtöckheim präſentirten
3508 5257 4830 5302 Paſtor coll. Schuſter, dem für die Diaconatpfarre zu Patten⸗
3508 5303 4832 5349 ſen präſentirten Paſtor coll. Braun in Steinlah und dem für
3510 5349 4836 5395 die Pfarre Dudenſen präſentirten Paſtor Ehrhardt zu Wend⸗
3509 5396 4834 5443 hauſen iſt die Beſtätigung ertheilt. Der Paſtor coll. Witzel zu
3516 5441 4836 5489 Martfeld iſt zum Interimsprediger in Ströhen, der Paſtor coll.
3514 5488 4834 5536 Grütter in Völkſen zum Interimsprediger in Nienhagen und
3515 5534 4836 5582 der Cand. th. Stünkel, Mitglied des Prediger⸗Seminars zu
3584 5687 4839 5735 — (Pomologen⸗Verein.) Im Auftrage des Präſidiums
3512 5733 4835 5780 macht das Secretariat⸗Abtheilung I. zu Ringelheim bekannt, daß
3514 5964 4489 6011 früher bezeichneten Bezirken abgehalten werden.
3512 5779 4840 5825 die auf den 18. d. M. in Hannover anberaumte General⸗Aus⸗
3514 5826 4839 5873 ſtellung mit Rückſicht auf die in den meiſten Vereinsbezirken
3513 5872 4840 5920 misglückte Obſternte nicht ſtattfindet, und ſollen nur die auf
3515 5919 4838 5968 den 10. October d. J. angeſetzten Localausſtellungen in den
3584 6034 4838 6082 ✽ (Der Vertrieb der Looſe) von Gegenſtänden der
3514 6081 4835 6131 Ausſtellung zu Altona iſt im ganzen Staate miniſterialſeitig ge⸗
3517 6129 3643 6172 ſtattet.
3585 6184 4838 6232 ✽ (Fürſtenbank.) Die „D. V.⸗Z.“ conſtatirt die bedeu⸗
3522 6886 3683 6932 zu thun.
3514 6231 4839 6281 tenden Verluſte der Fürſtenbank in Wien. Nicht nur Graf
3514 6279 4833 6326 Wedell und Dr. Elſter, ſondern auch Dr. Wippern ſeien
3516 6325 4836 6371 aus den Dienſten König Georg’s entlaſſen worden. Der bedeu⸗
3515 6372 4833 6421 tende Verluſt ſei durch ausgelieferte Beſtände „nahezu“ ge⸗
3516 6418 4827 6464 deckt. Die für alle guten Hannoveraner höchſt unerfreuliche An⸗
3517 6465 4836 6512 gelegenheit habe damit ihr definitives Ende erreicht, und wie
3518 6511 4834 6557 man ſich freuen könne mitzutheilen, weſentlich durch die Ent⸗
3519 6558 4835 6607 ſchloſſenheit und Energie des Kronprinzen. Die „D. V.⸗Ztg.“,
3519 6604 4839 6650 welche offenbar genauere Details weiß, dieſelben aber nicht dem
3519 6650 4837 6699 „profanum vulgus“ preisgeben will, ſteckt ſich, da ſie die noth⸗
3519 6696 4836 6742 wendigſten Mittheilungen, auf welche alle „guten Hannoveraner“
3520 6744 4833 6791 geſpannt waren — und fügen wir hinzu, auch die ſchlechten —
3519 6789 4832 6838 geben muß, hinter die Autorität des kleinen „Gött. Tageblatts“,
3522 6835 4835 6886 ohne damit dem Wiſſensdurſt von „Gut und Schlecht“ Genüge
3592 6940 4834 6989 Goslar, 6. Oct. (Städtiſcher Baumeiſter. Künſt⸗
3519 6986 4835 7033 liche Forellenzucht.) Landbau⸗Conducteur Hotzen hat die
3522 7033 4834 7081 Geſchäfte eines ſtädtiſchen Baumeiſters wieder abgegeben und
3521 7080 4838 7135 iſt der Architekt Flügge hieſelbſt mit dem Stadtbaumeiſterdienſte
3523 7358 4784 7408 baſſins mit der Laiche beſetzt werden können. (G. A.)
3521 7127 4834 7173 vom Magiſtrate wiederum proviſoriſch beauftragt worden. —
3520 7173 4836 7220 Die von dem Sattlermeiſter Lüer unternommene Anlage einer
3520 7219 4836 7267 künſtlichen Forellenzucht im Piepenthale ſchreitet rüſtig vorwärts
3522 7265 4835 7316 und hofft Herr Lüer noch in dieſem Monate mit der ganzen
3523 7311 4834 7359 Einrichtung ſo weit fertig zu ſein, daß im November die Brüte⸗
3591 7416 4833 7467 B. Celle, 6. Oct. (Lehrer⸗Verſammlung.) In
3523 7451 4834 7512 der heutigen Vorverſammlung der hannoverſchen Volksſchullehrer
3522 7880 4831 7931 Witwen und Waiſen zu verwenden. Zu Vorſitzenden wurden
3523 7509 4833 7557 waren gegen 200 Theilnehmern erſchienen. Zunächſt wurde die
3522 7555 4830 7607 Tagesordnung berathen und genehmigt; nur wurde ſtatt des zweiten
3522 7601 4833 7655 Gegenſtandes der Donnerstags⸗Sitzung „Ueber Schulſynoden“,
3522 7648 4833 7697 ein Referat „Ueber die Princ pien der Schnlgeſetzgebung“ auf
3522 7694 4834 7745 die Tagesordnung geſetzt. Ein Antrag, die Vertretung der
3522 7736 4831 7794 Lehrer in der Landesſynode auf die Tagesordnung zu ſetzen,
3523 7786 4830 7838 wurde abgelehnt; ebenſo auch ein Antrag die Fonds der Kloſter⸗
3524 7834 4832 7889 Caſſe mehr für die Volksſchulen und namentlich für die Lehrer⸗
4845 257 5546 310 und Blanke⸗Hannover gewählt.
4843 208 5842 297 die Lehrer Steinvorth⸗Lüneburg, Backhaus⸗
4850 547 5936 677 Arbeitervereins, Schrader, die Leitung der Verſammlung
4849 592 5935 725 entziehen ſuchten. Herr Schrader mußte die Verſammlung
4848 636 5928 763 dieſem embryoniſchen Stadium ſchließen. „Der Präſident“
4850 684 5925 813 auch hier bereits Viele kopfſcheu finden, nicht einmal mehr
4851 730 5688 804 geſchweige feſt wie die „Deutſchen Eichen“.
4915 313 5770 390 ✽ Lüneburg, 6. Oct. (Die Social
4846 359 5788 440 hielten hier am Sonnabend v W. wieder eine
4845 405 5676 468 mit Prügelei ab. Diesmal begannen die
4848 454 5876 562 gleich bei der Frage über die Wahl des Vorſitzenden,
4851 498 5811 583 Schweitzerianer dem Vorſitzenden des hieſigen ſocial⸗
4899 3674 5338 3721 ſchloſſen werden wird.
4899 3627 5912 3726 liche Streit in einer für die Stadt befriedigenden Weiſe
4898 3532 5911 3599 zu überlaſſen ſind. So darf alſo die Bürgerſchaft hoffen
4890 2773 5918 2856 unterlaſſen und ſich an das zu Recht beſtehende Lehrbuch
4890 2820 5916 2901 Landeskatechismus halten. Zudem ſteht, wie uns durch
4891 2868 5914 2946 tente Stimmen verſichert wird, noch immer die Möglichkeit
4894 3151 5915 3221 dieſer Auffaſſung um ſo mehr beitreten müſſen, weil die
4894 3198 5913 3273 dritten Klaſſen der Bürgerſchule, welche je 90 Schüler
4925 790 5930 915 ♒ Osnabrück, 4. Oct. (Kirche und Schule.)
4861 1026 5927 1140 tagen von 10—12 Uhr gegeben. Das Gymnaſium wurde
4862 1074 5927 1187 durch weniger beeinträchtigt, weil es etwa neun Monate
4863 1121 5925 1230 Jahres von 7 bis 11 Uhr unterrichtete; für die Bürger⸗
4866 1168 5926 1278 Volksſchule ſchlug man den Verluſt nicht hoch an, denn es
4871 1497 5926 1610 wöchentlich für den Conſirmandenunterricht abgeben könne
4888 2538 5920 2627 wöchentlich während des Winterhalbjahrs abzugeben haben.
4885 2348 5923 2446 fünf Prediger (nur Dr. Sulze hat die Wünſche der Schul
4874 1592 5925 1700 unterricht für den Winter gleichfalls auf die Zeit von 8
4878 1639 5925 1752 12 Uhr legte, ſo ſchloß ſich der neu berufene Director der
4875 1685 5925 1797 klärung ſeines Collegen an. D e Vertreter der Bürger⸗
4877 1780 5925 1887 ſämmtlicher höheren Schulen in der vorigjährigen Synode
4878 1874 5924 1976 unterricht nicht mehr als zwei Stunden wöchentlich von
4878 1922 5924 2022 Unterrichtszeit der Schulen in Anſpruch nehme. Trotzdem
4881 2064 5924 2165 die Sache in Erwägung zu ziehen. Wir wiſſen nicht, ob
4880 2111 5924 2213 in der am 14. October zuſammentretenden Synode eine
4883 2253 5923 2355 ſiums und der Realſchule haben ſich nämlich, nachdem alle
4884 2299 5923 2387 ferenzen zur Ausgleichung der Sache an dem non possumu
4858 886 5891 996 liſchen Confirmanden⸗Unterricht ſtattgefunden, die jetzt zu
4860 935 5887 1043 Abkommen führen werden. Der Confirmanden⸗Unterricht
4857 840 5865 941 etwa zwei Jahren haben hier Verhandlungen über den
4865 1215 5898 1330 dem frühern Director derſelben ausdrücklich die Weiſung
4869 1262 5877 1368 ben, dahin zu ſehen, daß die Bürgerſchule ihr Ziel
4869 1310 5856 1410 überſchritte. Als vor zwei Jahren die Realſchule
4870 1355 5887 1468 wurde, machte der Director derſelben darauf aufmerkſam,
4869 1403 5876 1505 dieſe Anſtalt, die ihre Morgenſtunden für den Winter
4878 1732 5819 1820 Volksſchule ſtellten nun unter Zuſtimmung der
4879 1828 5771 1907 Antrag, es möge dieſelbe dahin wirken, daß der
4879 1969 5892 2061 fünf von den ſechs ſtädtiſchen Geiſtlichen den Antrag als
4882 2204 5865 2289 nug wäre wol dazu vorhanden. Die Directoren des
4885 2395 5881 2490 toren berechtigt und erfüllbar gefunden) geſcheitert ſind,
4887 2442 5860 2521 Provinzialſchulcollegium gewandt, und dieſes hat die
4888 2491 5861 2570 dung getroffen, daß die beiden Anſtalten nur zwei
4888 2631 5889 2712 ſtädtiſche Behörde ſicher keine andere Entſcheidung treffen
4889 2678 5875 2758 und wollen. Denn zwei Stunden genügen ohne Frage,
4890 2726 5876 2800 lich wenn die Prediger das unnöthige und zeitraubende
4892 2916 5843 2984 daß die Prediger den Confirmanden⸗Unterricht um
4892 2962 5836 3029 ginnen. Unter jenen fünf Predigern haben überdies
4892 3011 5855 3085 derholt und nachdrücklich erklärt, daß eine Trennung
4893 3057 5777 3125 ſchiedenen Schulen im Confirmanden⸗Unterricht
4894 3105 5850 3173 eingeführt werden dürfe. Der Magiſtrat wird unſers
4895 3247 5858 3316 und durch den Bau der Schule ſchwer gelitten haben,
4896 3293 5887 3358 Winter um je vier Stunden gekürzt würden. Die beiden
4896 3342 5856 3407 werden nämlich in zwei Localen unterrichtet, welche
4897 3390 5849 3449 Confirmanden⸗Unterricht dienen; nach dem mit der
4898 3437 5870 3497 meinde abgeſchloſſenen Contracte iſt indeß nichts über
4898 3579 5848 3640 der für die hieſigen Verhältniſſe charakteriſtiſche, ſehr
4862 979 5853 1080 hier ſeit einer Reihe von Jahren im Winter an zwei
4872 1450 5847 1545 bis 12 Uhr zu ertheilen hatte, nicht mehr als zwei
4873 1545 5808 1630 dürfe. Da das Gymnaſium vorigen Michaelis den
4879 2017 5845 2102 nehmbar erklärten, beauftragte doch die Synode ihren
4882 2158 5823 2245 Angelegenheit betreffenden Antrag einbringen wird;
4888 2584 5868 2662 die höhere Mädchen⸗, die Bürger⸗ und die Volksſchule
4899 3484 5847 3542 beſtimmt, für welche die Räume dem Confirmanden⸗
4971 3722 5908 3782 Ueber die Gründe, warum es hier mit dem Proteft
4898 3864 5069 3909 theilung.
4900 3816 5910 3899 vorwärts will, geſtatten Sie mir vielleicht nächſtens ein
4900 3770 5829 3826 vereine trotz der unionsfreundlichen Stimmung der
4900 4018 5909 4071 giſtrat hieſiger Stadt die Aufforderung ergangen, ſich gut
4901 4066 5908 4115 darüber zu äußern, ob er die Einführung an Gesind
4908 4770 5591 4817 Verhältniſſen weiter kommen wolle.
4903 4301 5906 4347 zwang local wieder einzuführen, nachdem derſelbe im
4906 4484 5903 4535 ſowol für Herren wie für Knechte, da die erſteren keine
4906 4529 5905 4583 mehr hätten, die letzteren aber der Zuchtruthe bedürften.
4905 4575 5904 4630 ſeiner Anſchauung iſt die Freizügigkeit nicht für tüchtige
4904 4625 5904 4678 ſame Leute, die zögen nie umher; ſondern nur arbeit
4904 4670 5902 4723 vagabondirendes Geſindel, dem jetzt hier Thür und
4903 3971 5866 4021 büchern.) Von Seiten der kgl. Landdroſtei iſt an
4902 4207 5855 4252 Collegien verwarf man die Dienſtbücher, da man es
4903 4254 5854 4299 gerechtfertigt hielt, für eine einzelne Berufsklaſſe eine
4906 4347 5851 4394 Staate aufgehoben worden. Stüve, der ſeit ſeiner
4905 4440 5877 4489 wohnte, betrachtet die Freizügigkeit geradezu als ein
4905 4720 5850 4769 öffnet ſei. Er könne noch nicht abſehen, wie man
4971 3922 5818 3975 ♓ Osnabrück, 6. Oct. (Ablehnung von
4901 4160 5830 4207 ſchenswerth halte. In der geſtrigen Sitzung der
4902 4113 5842 4161 büchern nach der Beſeitigung des Paßzwanges nicht
4904 4395 5796 4443 geſtern zum zweiten Male den Sitzungen der
4904 5233 5913 5299 unter den Intereſſenten. (O.
4977 4819 5910 4874 ✽ Osnabrück, 6. Oct. Laiſchafts⸗Theilung
4902 4959 5911 5016 gemäß von der General⸗Commiſſion in Hannover beſtätigt
4904 4999 5911 5064 Auch die Haſe⸗Laiſchaft hat am vorigen Freitag wenigſte
4904 4871 5844 4922 Theilungsplan der Natruper⸗Laiſchaft iſt ganz den
4903 4917 5844 4968 der Laiſchaft und den Beſchlüſſen der ſtädtiſchen
4905 5054 5867 5112 theilweiſe Theilung beſchloſſen. Die Laiſchaft bleibt
4903 5101 5869 5156 läufig noch beſtehen, indem ſie unverurtheilten Grund
4902 5150 5853 5205 Was den Beſchluß der Theilung betrifft, ſo wurde er
4903 5193 5851 5252 allen Stimmen gegen eine, und erregte eine freudige
4899 6223 5919 6290 dem Amte Liebenburg zur Unterſuchung zugeſandt.
4900 6326 5814 6386 ſtattgefunden hat, muß die Unterſuchung lehren.
4901 6080 5919 6150 Hunde, welchem man von dem Brode zu freſſen gegebe
4901 6123 5918 6199 ben Symptome des Uebelbefindens zeigten, wurde dem
4973 5283 5913 5357 (Kleine Nachrichten.) Dannenberg, 6. Oct.
4904 5478 5915 5546 Majeſtät der König eintreffen wird. Die Reſtauration
4902 5663 5916 5733 lange ſchon dort Beſchäftigung und lohnenden Verdien
4905 5348 5857 5405 Friedrich Karl wird auf Schloß Göhrde, wie man
4904 5393 5811 5452 die Vorbereitungen zu einer nach dem 15. Octbr.
4904 5433 5875 5499 großen Jagd im Göhrde⸗Walde treffen, zu welcher
4903 5533 5798 5591 der dortigen Gebäude nehmen einen raſchen
4901 5576 5835 5638 ſollen, wie es heißt, am 15. Octbr. beendet ſein.
4901 5620 5875 5684 Handwerker von hier und der Umgegend der Göhrde
4903 5714 5873 5778 den. Wie man ſagt, wird der Bau auf Koſten der
4902 5758 5879 5825 Privatchatuelle ausgeführt und ſoll ca. 30,000 Thlr.
4903 5807 5869 5872 Salzgitter, 5. Oct. Im Anfang voriger Woche
4903 5856 5850 5920 Gr. Flöthe 11 Perſonen, Kinder und Erwachſene,
4901 5906 5837 5965 Kartoffelnroden beſchäftigt waren, nach genoſſenem
4903 5955 5822 6011 Rothwurſt und Brod beſtehend, von heftigem
4902 5989 5886 6057 ſtarken Krämpfen befallen. Man glaubte anfänglich
4901 6033 5896 6104 wurſt die Schuld geben zu müſſen, nachdem ſich jedoch
4900 6182 5879 6244 von dieſem Vorfalle Anzeige gemacht, und iſt nun
4901 6281 5776 6339 Vergiftung durch Mutterkorn oder durch ein
5314 6435 5770 6495 Local⸗Nachrichten.
5260 6500 5806 6559 Hannover, den 7. October.
4896 7116 5940 7185 uns über die Leiſtungen des Künſtlerpaares vorlagen,
4900 6621 5086 6665 abgereist.
4969 6646 5925 6723 ✽ (Dramatische Vorleſungen.) In der
4899 6735 5927 6814 baden und ſeine Gattin, die Hofſchauſpieleri
4899 6789 5929 6866 Adelheid Müller von Stuttgart im hieſigen
4897 6832 5929 6911 ſaal einen Cyklus von Vorlesungen claſſiſcher Dramen
4897 6877 5916 6959 wobei Herr Müller die männlichen, ſeine Gattin die
4897 6912 5933 7002 Rollen leſen wird. Es iſt dies entſchieden ein glücklicher
4895 7185 5340 7237 durchweg ſehr günſtig.
4969 6546 5863 6617 ✽ (Der Oberpräſident) Graf Stolberg iſt
4898 6702 5862 6770 Woche wird Herr Hofſchauſpieler Müller
4896 7068 5893 7144 und umgekehrt. Die Berichte zahlreicher deutſcher
4895 7022 5903 7100 mag, ohne den ſtörenden Eindruck des Gekünſtelten
4896 6986 5793 7048 da die männliche Stimme die weibliche nicht
5238 7285 5816 7351 # Provinzial⸗Landtag.
4962 7314 5938 7416 (12. Sitzung 6. Oet.) Der Vice⸗Landtagsmarſchall
4886 7822 5962 7918 directoren volle Sicherheit gewähren. Es ſei nämlich
4888 7738 5957 7827 Werthpapiere nicht ausſchließen, die nach übereinſtimme
4892 7384 5940 7461 Das Protokoll der vorigen Sitzung wird genehmigt.
4963 7439 5904 7505 Erſter Gegenſtand der Tagesordnung,
4891 7522 5905 7602 §. 7. Reſervefond. Die Commiſſion findet es bedenklich,
4891 7578 5886 7640 nur in verzinslichen preußiſchen Stattspapieren,
4891 7623 5866 7686 Staate garantirten Papieren oder verzinslichen
4889 7709 5904 7781 deshalb den Kreis dieſer Papiere erweitert ſehen
4890 7672 5810 7733 Nordd. Bundes ꝛc. belegt werden dürfe. Die
4886 7802 5869 7873 ſicht des Landesdirectoriums, des Ausſchuſſes und
4891 7486 5866 7549 der Berathung des Geſetzentwurfes über die Landes⸗
761 5785 2072 5860 piren ſollte. Die an und für ſich richtige, zeitgemäße Tendenz des
765 5830 2074 5900 Stückes, welche deutſches, tüchtiges Weſen mit franzöſiſcher Fri⸗
762 5882 2073 5945 volität in Colliſſion und Gegenſatz bringt, wird nämlich in einer
762 5927 2072 5996 Weiſe durchgeführt, die nahezu carricaturenhaft genannt werden
762 5971 2068 6042 muß, und die eher wie eine Satyre auf die Deutſchen
761 6017 2071 6086 denn wie ein Lobgedicht auf ihre glänzenden Charaktereigenſchaf⸗
761 6065 2075 6134 ten wirkt. Die Handlung iſt ſehr einfach. Ein junger deutſcher
762 6112 2069 6183 Backſiſch, begleitet von einem deutſchen Baron, welcher als Be⸗
781 7842 2096 7930 franzöſiſchen Herzog in einem günſtigen Lichte erſcheinen zu
762 6158 2074 6234 ſchützer auf der Reiſe fungirte, kommt in das Haus
763 6205 2076 6275 des Herzogs Philipp von Orleans, deſſen Gemahlin
764 6253 2076 6323 eine geborene Deutſche iſt, und die deshalb mit ihrem
764 6298 2073 6369 Gemahl wie mit ihrem Sohne, dem Herzog von Chartres, in
763 6346 2077 6417 beſtändigem Streite liegt, welche Nation, die deutſche oder die
764 6393 2075 6469 franzöſiſche die vorzüglichere ſei. Die angekommene Liſelotte ver⸗
764 6440 2079 6516 ſchafft ihrer Partei den glänzendſten Triumph, denn das ein⸗
765 6486 2077 6563 ſache Mädchen widerſteht nicht nur ſiegreich den Liebeleien des
766 6532 2075 6611 Herrn Sohnes vom Hauſe, ſondern rührt durch die jungfräu⸗
766 6581 2079 6655 liche Würde ihres Weſens den neunzehnjährigen Mädchenfänger
767 6626 2077 6702 ſo tief, daß in ſein franzöſisches Herz ein Strahl deutſcher Liebe
767 6675 2077 6751 fällt, die ihn über ſich ſelbst erhebt und ſeine Bitten mit denen
768 6721 2081 6795 Liſelotte’s um ſchleunige Trennung vereinigen läßt, da eine
768 6770 2079 6839 Vermählung unmöglich iſt und der plötzlich tugendhaft gewor⸗
769 6815 2078 6888 dene junge Menſch ſich ſelbſt zu ſehr mistraut, um Liſelotte
769 6863 2080 6934 in ſeiner gefährlichen Nähe zu dulden. Die Haupt⸗
770 6908 2079 6986 handlung dreht ſich beinah ausſchließlich um einen Kuß,
771 6956 2081 7028 welchen der frivole Herzog von Chartres dem deutſchen
771 7005 2073 7074 Mädchen rauben möchte. Ein gewaltſamer Verſuch ſcheitert an
771 7050 2082 7120 der tapferen Vertheidigung der Feſtung, er wird ihm aber ſchließ⸗
772 7099 2077 7166 lich freiweillig zu Theil, nachdem er halb im Ernſt, halb thea⸗
773 7144 2082 7210 traliſch dem Mädchen ſein zerriſſenes Inneres enthüllt. Die
773 7192 2084 7254 keuſche Weihe dieſes Kuſſes bekehrt ihn mit einem Zauberſchlag
774 7239 2083 7296 und lehrt ihn ſein ſtolzes Haupt vor reiner, deutſcher Weiblich⸗
775 7286 2083 7347 keit beugen. Es läßt ſich nicht leugnen, daß die einfache Hand⸗
775 7335 2084 7382 lung die Grundlage zu einem anregenden Enſemble hätte geben
782 7801 2095 7892 Heuchler iſt, und der als Pendant nur geeignet iſt, den jungen
775 7379 2084 7428 können, aber die Ausführung, die namentlich auch für den ein⸗
777 7505 2085 7558 zogin politiſirt fortwährend, und Alles giebt ihr Anlaß, die
776 7464 2086 7515 fertigt dieſe Erwartung nicht. Die deutſchthümelnde Frau Her⸗
777 7546 2082 7602 National tätenfrage aufzurühren; ihr zehntes Wort iſt „deutſche“,
779 7587 2083 7643 deutſche Frau, deutſcher Mann u. ſ. w., kurz ſie iſt die Deutſcheſte
779 7630 2084 7689 der Deutſchen, iſt aber beinahe im Stande, dieſes Wort dem
780 7670 2083 7744 Hörer durch ſeine ewige Wiederholung gründlich zu ent⸗
780 7714 2088 7775 leiden. Sie wird hierin durch den deutſchen Baron Maters⸗
780 7759 2091 7830 hausen unterſtützt, der ein kriechender, bedientenhafter, feiger
776 7421 2082 7471 fachen Gegenſtand auf zu hohem Kothurn einherſteigt, recht⸗
2135 5777 3453 5825 laſſen, denn was bei dieſem jugendlicher Uebermuth, iſt bei dem
2136 5824 3453 5873 Baron eingewurzelte Schlechtigkeit. Eine beſondere Tugendprobe
2152 7237 2318 7269 d’estime.
2135 5871 3454 5918 vermögen wir endlich darin nicht zu erblicken, daß ſich ein
2138 5917 3453 5965 „deutſches“ Mädchen nicht in der erſten Viertelſtunde von einem
2138 5964 3451 6013 ihr fremden jungen Mann abküſſen laſſen will, wir glauben,
2137 6009 3454 6059 daß ſoweit auch die Concurrenz franzöſiſcher Tugend reichen
2138 6056 3450 6102 würde. Der dem Baron Matershauſen vom Herzog Philipp
2137 6103 3454 6153 geſpielte Schabernack iſt keineswegs fein franzöſiſch und läßt
2137 6150 3455 6200 den „deutſchen“ Baron zu allen ſeinen ſonſtigen glänzenden
2139 6196 3448 6247 Eigenſchaften hin auch noch als richtigen Dummkopf erſcheinen.
2140 6243 3455 6293 Der Herzog bindet ihm nämlich den Bären auf, der Salon, in
2138 6290 3454 6338 dem ſie ſich befinden, heiße der „Durchgang der geraubten
2140 6335 3453 6386 Küſſe,“ denn hier werde das franzöſiſche Geſellſchaftsſpiel ge⸗
2137 6382 3452 6434 trieben, im Dunkeln vorübergehende Damen zu küſſen. Der
2140 6429 3457 6480 Herzog ſchickt ſodann dem auf den Leim gehenden Baron
2140 6476 3457 6527 die Herzogin in den Weg, die ſo auf handgreifliche
2142 6522 3457 6573 Weiſe überzeugt wird, daß, wenn auch Deutſchlands Frauen,
2140 6569 3456 6618 ſo doch nicht Deutſchlands Männer Tugendſpiegel ſeien.
2141 6616 3455 6667 Ein ſehr unzarter Scherz des Herrn Gemahls und ein ſehr ein⸗
2141 6662 3456 6713 ſeitiges Urtheil des Dichters. Was die Aufführung betrifft, ſo
2140 6709 3458 6759 läßt ſich die Beurtheilung kurz zuſammenfaſſen. Frl. Preß⸗
2144 6755 3457 6808 burg vermochte in ihrer ziemlich undankbaren Rolle trotz des
2142 6802 3454 6854 ſichtbären tüchtigen Studiums keinen Beifall zu erzielen. Herr
2144 6848 3454 6897 Müller wußte der Jammergeſtalt des Baron Materhauſen
2144 6895 3460 6950 genug komiſche Züge abzugewinnen, ohne ſie indeß dadurch lie⸗
2144 6943 3457 6994 benswürdiger machen zu können. Frau Mittell machte durch
2144 6990 3454 7044 eine zu getragene Declamation ihre Rolle noch weniger anſpre⸗
2144 7036 3453 7090 chend als ſie an ſich iſt. Sie ſprach gewiſſermaßen fortwährend
2145 7083 3461 7136 vom Katheder oder von der Rednertribüne und hätte jede ihrer
2147 7128 3459 7183 Reden füglich mit „Herr Präſident!“ oder „Herr Landtagsmar⸗
2146 7176 3461 7232 ſchall“ beginnen können. Das Stück hatte kaum einen succès
2213 7269 3453 7325 Mit dem gewöhnlichen Luſtſpiel⸗Apparat: einer eiferſüchtigen
2147 7316 3463 7377 jungen Frau, einem liebenswürdigen, reichen Gemahl, einem
2147 7363 3458 7420 ehrlichen, für ſeinen Herrn durch’s Feuer gehenden Diener und
2148 7410 3463 7466 etlichen zu gelegener Zeit hereinſchneienden Freundinnen war
2147 7456 3458 7514 das zweite Stück „Duft“ ausgeſtattet. Die Pointe des Stückes
2147 7503 3459 7559 iſt, daß die Eiferſüchtige von ihrem Mann durch einen Scherz,
2149 7551 3463 7604 bei welchem der „ehrliche alte“ Gärtner thätig iſt, von ihrem
2157 7851 2550 7899 Repertoire erhalten.
2146 7598 3455 7658 Fehler geheilt werden ſoll. Herrſchaft und Diener ſtehen auch
2148 7644 3460 7695 in dieſem nicht eben originellen Luſtſpiel auf einem unglaub⸗
2145 7691 3461 7739 lich guten Fuße, der Stoff iſt aber nett und geſchickt verarbeitet,
2149 7736 3462 7784 und wurden von Herrn Sontag, Herrn Berend und Frl.
2152 7772 3460 7829 Ellmenreich die Hauptrollen ſehr anſprechend zur Dar⸗
2151 7811 3459 7874 ſtellung gebracht. das Stück wird ſich zweifelsohne auf dem
