4728 6730
747 407 1530 524 Anzeigen.
1033 6176 1392 6233 Mein Lager
779 6447 1702 6507 Hannover. Georg Ramsahl.
718 6231 1297 6277 von vorzüglich ſchönem alten
954 6276 1474 6355 Lager⸗Bier
716 6356 1704 6405 halte zur geneigten Abnahme bei Gebinden unter
716 6401 1517 6452 billiger Preisnotirung beſtens empfohlen.
1756 6453 2391 6499 in der Expedition dieſer Zeitung.
2014 6224 2742 6268 Ein mittelalter Färbergeſell, der in
1967 6269 2740 6314 allen Zweigen der Färberei, vorzüglich
1757 6314 2738 6359 aber in Seide und Wolle zu färben erfahren iſt,
1755 6362 2739 6400 kann den 1. October eine dauernde Stelle erhalten.
1755 6407 2737 6451 Näheres auf frankirte Anfragen unter Chiffre N. N.
1756 6233 1949 6320 ☛
2791 6228 2987 6318 ☛
3827 3005 4026 3099 ☛
3939 4330 4056 4375 ☛
3940 4376 4056 4421 ☛
4557 4360 4627 4408 ☚
4558 4314 4626 4356 ☚
3844 6458 4017 6495 als Gaſt.
3840 6214 4689 6320 Königl. Hoftheater in Hannover
3887 6266 4684 6362 F eitag, 10. Septbr. (12. Vorſt. im 1. Abonn.)
3841 6331 4627 6404 Lucia von Lammermoor. Oper in 3
3841 6373 4651 6454 von Donizetti. Edgardo — Herr Grimmin
4188 6463 4691 6557 Druck von Wilh. Riemſchneider.
923 570 1349 658 Verkauf.
691 658 1635 712 1) Durch den Unterzeichneten ſoll in einer der
644 703 1637 768 größten norddeutſchen Handelsſtädte ein zumal
646 751 1635 803 von Ausländern viel beſuchtes Hotel erſten
645 797 1637 856 Ranges (40 elegant eingerichtete Zimmer, überfl.
648 844 1638 899 Stallraum) mit dem ganzen Inventar raſch ver⸗
646 890 1636 950 kauft werden. Preisforderung 42,000 Thlr. Pr. Crt.
649 949 931 996 Anzahlung ⅓.
695 980 1639 1042 2) Es wird ein Mann geſucht, welcher durch
651 1029 1639 1088 Einzahlung von 5000 Thlr. Theilnehmer mit gleichem
660 1361 1174 1408 Etabliſſement ſicher geſtellt.
653 1075 1639 1127 Gewinne an einer Badeanſtalt mit Logir⸗Häuſern
654 1122 1641 1174 und einem Erholungs⸗Etabliſſement erſten Ran⸗
652 1170 1641 1230 ges in einer großen Stadt Norddeutſchlands wer⸗
656 1215 1642 1265 den will. Das Etabliſſement hat den Werth von
656 1259 1643 1320 pp. 65,000 Thlr. Das Inventar von 8000 Thlr.
659 1305 1644 1359 Die 5000 Thlr. würden durch Hypothek auf das
707 1396 1645 1456 3) Zu jeder Zeit kann Unterzeichneter Kauflieb⸗
661 1446 1647 1503 habern, welche ſich im nördlichen Deutſchland, zu⸗
664 1487 1645 1546 mal in Holſtein, wo man allein nur noch
661 1631 1603 1684 bis hinab zu 6000 Thlr. zur Auswahl vorlegen.
661 1537 1647 1594 Grundbeſitz preiswürdig kaufen kann,
659 1581 1648 1641 Landgüter und Höfe zum Preiſe von 250,000 Thlr.
711 1677 1651 1733 Auf portofreie Anfragen über dieſe 3 Punkte er⸗
662 1730 1098 1780 theilt nähere Auskunft
909 1770 1449 1812 der Doctor F. Helms,
667 1812 1652 1865 Domänen⸗Pächter in Pattenſen bei Winſen a. d. L.
792 1873 1508 1973 Oeffentlicher Verkauf.
711 1962 1652 2013 Am Sonnabend, den 18. September die⸗
666 2007 1657 2067 ſes Jahrs, ſoll der Coppenbrügger Schwefel⸗
672 2204 976 2245 verkauft werden.
668 2054 1659 2107 brunnen nebſt Zubehör im Auftrage des Halbmeier
669 2101 1659 2151 Bremer aus Heinade öffentlich meiſtbietend unter
667 2149 1659 2197 den im Termine bekannt zu machenden Bedingungen
715 2238 1659 2291 Kaufluſtige wollen ſich gedachten Tages, Mor⸗
672 2283 1661 2342 gens 10 Uhr, im Gaſthauſe des Gaſtwirths Hrn.
676 2432 981 2474 Gebote abgeben.
671 2330 1661 2385 Menge zu Coppenbrügge einfinden, der Bekannt⸗
670 2374 1664 2431 machung der Bedingungen gewärtig ſein und ihre
720 2466 1665 2521 Abſchrift der Kaufbedingungen, auch der Beſchrei⸗
682 2792 1357 2842 Erlegung der Copialien zu Gebote.
674 2513 1665 2568 bung der zu verka fenden Grundſtücke, die ſich außer
675 2559 1666 2613 durch ihre Heilquellen in einer Nähe von zehn Mi⸗
675 2603 1667 2654 nuten bei dem Flecken, Amts⸗ und Amtsgerichtſitze
677 2651 1667 2704 Coppenbrügge, ſowol durch eine reizende Lage, wie
679 2695 1666 2750 auch ganz beſonders zur Anlage von Fabrik⸗Gebäu⸗
679 2744 1667 2793 den empfehlen, ſteht Jedem auf Erfordern gegen
1189 2879 1606 2926 F. v. Hartz.
728 2836 1497 2886 Hemmendorf, den 24. Auguſt 1858.
687 3127 1054 3185 geſetzten Preiſen.
680 3007 1666 3063 in allen curanten Farben eine bedeutende
683 3063 1669 3125 Zuſendung und verkaufe dasſelbe zu herab⸗
738 2950 1665 3010 Von engliſchen Wollgarnen empfing
945 3179 1626 3253 Otto Köhsel.
994 3288 1377 3354 Guano.
751 3372 1676 3428 Echten peruaniſchen Guano — herſtam⸗
691 3772 1261 3829 zu dem billigſten Preiſe.
692 3427 1676 3486 mend aus Sendungen der Herren Antony
693 3485 1676 3537 Gibbs & Sons in London und vorräthig
694 3541 1676 3600 auf meinem Commiſſionslager für die
691 3599 1678 3656 Herren J. D. Mutzenbecher
692 3655 1677 3714 Söhne in Hamburg — verkaufe ich
692 3713 1678 3767 unter Garantie für die Echtheit fortwährend
755 3826 1677 3883 Gleichfalls iſt Chili⸗Salpeter billigſt
697 3886 1179 3939 von mir zu beziehen.
754 3940 1539 4001 Harburg, im September 1858.
989 4085 1456 4137 Brückenstraße №. 6.
749 3998 1682 4083 Eduard Eddelbüttel sen.,
1078 4158 1313 4246 Großes
955 4561 1449 4610 Theaterplatz №. 5 d.
702 4251 1688 4401 Pianoforte⸗Lager
1159 4417 1237 4449 von
752 4474 1639 4561 L. Kuhn in Hannover,
752 4622 1690 4667 Es iſt mir eine angenehme Pflicht, nachdem ich
703 4850 1575 4902 jetzt in der Art in Deutſchland geſehen habe.
704 4667 1689 4714 das Pianoforte⸗Lager des Herrn L. Kuhn
702 4713 1691 4760 in Hannover genau geprüft und mich von der Viel⸗
702 4758 1690 4808 ſeitigkeit desſelben überzeugt habe, hiermit öffentlich
702 4805 1691 4862 zu erklären, daß es Alles übertrifft, was ich bis
1188 4894 1597 4936 Alfred Jaell,
1173 4987 1608 5031 Königs von Hannover.
1098 4940 1692 4984 Hof⸗Pianiſt Sr. Majeſtät des
754 5043 1693 5091 Bezugnehmend auf obige Annonce erlaube ich
705 5088 1694 5134 mir, ein muſikliebendes Publikum auf mein reich⸗
703 5133 1693 5183 haltiges Pianoforte⸗Lager ergebenſt aufmerkſam
707 5274 1272 5315 den berühmten Fabriken von:
704 5179 1693 5228 zu machen, welches ſtets auf das Großartigſte aſſor⸗
704 5226 1691 5272 tirt mit Flügeln, Tafelpianos und Pianinos aus
800 5320 1083 5362 Henri Herz
809 5820 1421 5863 E. Roſenkranz in Dresden,
1117 5503 1327 5586 } in Wien,
802 5504 994 5545 Draxler
807 5682 1362 5724 C. A. André in Frankfurt,
809 5728 1238 5771 Mercklin in Brüſſel,
809 5774 1216 5817 G. Adam in Weſel,
1198 5325 1416 5490 } in Paris,
800 5366 1112 5409 Kriegelſtein
802 5411 1166 5454 Alexandre et fils
801 5456 1077 5499 Petersdorf
807 5550 1095 5591 Hartberger
1117 5595 1357 5677 } in Leipzig,
807 5594 1042 5636 E. Irmler
808 5641 1085 5681 L. Merhaut
713 5862 1700 5910 und werden ſämmtliche Inſtrumente unter mehr⸗
714 5908 1544 5958 jähriger Garantie zu Fabrikpreiſen verkauft.
715 6001 1517 6048 wiſſenhafteſte und Prompteſte ausgeführt.
761 5954 1700 6001 Auswärtige Beſtellungen werden auf das Ge⸗
1090 6047 1479 6112 L. Kuhn,
844 6108 1697 6158 Hannover. Theaterplatz №. 5 d.
1862 335 3746 431 Der rühmlichſt bekannte, heilkräftigende, aus den ſorgſamſt gewählten Kräutern
1688 406 3441 497 der Schweizer⸗Alpen angefertigte Magenbitter, unter dem Namen:
2590 465 3173 563 Meyer’s
2062 535 3723 742 Schweizer⸗Alpen⸗Kräuter⸗Bitter,
2720 729 3043 783 approbirt von
2066 768 3719 871 mehren berühmten Aerzten und dem Publikum,
1692 836 3755 926 welcher bereits in allen Welttheilen mit dem größten Beifall aufgenommen iſt und über welchen das
1693 885 3752 978 allgemeine Urtheil ſich längſt dahin ausgeſprochen hat, daß derſelbe jeder Anforderung, welche man an
1695 1102 2440 1154 deren Anpreiſungen überhoben halte.
1694 975 3757 1064 ein vortreffliches Hausmittel bei verſchiedenen Magenübeln, als auch ein Appetit befördernder, Magen
1693 927 3756 1017 einen Magenbitter nur ſtellen könne, auf das Vollkommenſte genüge, indem er ebenſowol
1694 1020 3758 1114 ſtärkender und ſehr angenehm ſchmeckender bitterer Liqueur iſt, weshalb ich mich aller weiteren beſon⸗
1834 1112 3761 1204 Außer verſchiedenen Städten in Nord⸗ und Südamerika, Südauſtralien, Oſtindien,
1729 3118 3223 3182 C. Rügheimer; Walsrode: Fr. Behrmann; Wolfenbüttel: Fr. Kunſt.
1697 1158 3762 1255 England, Frankreich, Ungarn, Holland und Schweden befinden ſich die Depôts für Deutſch⸗
1698 1207 3762 1294 land in Achim bei Herrn H. Puvogel; Aerzen: C. M. Riſtenpadt; Alfeld: G. L. Peine; Bever⸗
1696 1251 3763 1345 ſtedt: J. W. Wicht; Bexten: F. W. Böhmer; Bielefeld: W. Merfeld und C. Moderſohn;
1698 1300 3763 1387 Blomberg: Fr. Theopold; Bockenem: H. L. Lindenberg; Bodenburg: F. A. Philipp; Boden⸗
1698 1344 3764 1433 werder: F. W. Geitel; Bornum: Gaſtgeber Grotefend; Brake: Ed. Volland; Braunlage: C.
1699 1392 3764 1481 Kirchner; Braunſchweig: A. L. U rici und Ahrenholz (Bahnhof); Bremen: H. B. Mardfeld und
1700 1440 3767 1528 F. A. Noltemeyer; Bremerhaven: Stöltzer & Rülcke; Bremervörde: A. H. Glawatz; Brinkum:
1702 1484 3768 1572 C. Knochenhauer; Burgdorf: A. Aſchhof; Burgſtemmen: C. Seebrecht; Buxtehude: J. Vetterli;
1702 1532 3769 1619 Bückeburg: W. Siebe und A. Kotzenberg (Bahnhof); Celle: H. C. Spinner Sohn; Clenze: Clenze: C. W. A.
1703 1578 3766 1667 Buſſe;  Damme: B. A. Mähler; Daſſel: J. F. Creydt; Detmold: C. Puſtkuchen; Dransfeld:
1704 1623 3770 1713 D. J. Ahrensberg; Drege: J Glade; Duderſtadt: E. Klinckhardt; Eimbeck: C. Appel; Eiſe⸗
1706 1672 3770 1756 nach: G. Röhlig; Elbingerode: Gaſtgeber Thomas; Eldagſen: H. Bremeyer; Ellrich: Gaſtg.
1707 1718 3770 1808 Panſe; Elze: Ad. Helmer; Emden: H. Werneke; Erfurt: Ed. Leitzmann; Eyſtrup: Fr. Hage⸗
1709 1766 3770 1853 mann; Fallingboſtel: J. Zuberbier; Freiburg: J. H. A. Koch; Freren: B. Lindemann Wwe.;
1710 1812 3769 1891 Gartow: W. Niemann; Gifhorn: H. Williges; Goslar: L. E. Breuſtedt; Gotha: L. Gams;
1711 1857 3771 1943 Göttingen: Harry Schäfer; Gr. Gottern in Thüringen: F. W. Petri; Greene: H. F. Hüter;
1711 1904 3772 1990 Hagenburg: C. G. Eßmann; Hamburg: Jac. Heimerdinger, Aug. Idahl und H. L. F. Meyne;
1711 1951 3771 2035 Hameln: C. Schmidt; Hannover: C. Ueltzen; Harburg: Ferd. Koch und Georg Krämer; Har⸗
1712 1999 3773 2084 degſen: Gaſtgeber Krengel; Harzburg: H. Effee; Haſte, Bahnhof: C. Müller; Hausbergen:
1713 2043 3771 2125 E. Steinert; Herford: Holzmann (Bahnhof); Herzberg: A. Peimann; Hildesheim: F. A.
1714 2089 3773 2173 Büttner; Hohenhauſen: C. Schmidt und Fr. Krüger; Hookſiel: J. F. Stoffers: Horn: C. Wit⸗
1714 2135 3772 2219 tenſtein; Höxter: H. L. Freiſe; Hoya: E. Brünotte und M. Elias; Ilfeld: L. T. Hahn; Ilſen⸗
1716 2181 3772 2265 burg: Gaſtgeber Tolle; Kirchboitzen: H. Wunſch; Lage: C. Gruttemeyer; Lamſpringe: H.
1716 2229 3774 2311 Brandt; Langenholzhauſen: A. Boyerholz; Lauterberg: H. F. Schuchart; Leer, Bahnhof: A. Gos⸗
1718 2278 3772 2357 lar; Lehrte, Bahnhof: Glauditz; Leipzig: C. F. Baermann (Café Saxon) und E. Baarmann;
1718 2321 3772 2402 Lemgo: A. Loſch; Leopoldshöh: G.Milſe; Lingen: Bernhard Smits; Löhne: L. Fehring
1719 2368 3773 2448 (Bahnhof); Lübbecke: A. Lümkemann; Loccum: Carl Stegmann; Lüneburg: G. Brüning,
1721 2416 3770 2495 Meyer (Delicateſſenhandlung) und Raph. Peters; Markoldendorf: E. H. F. Nolte; Meinberg
1718 2459 3767 2540 (Bad): A. Sturhan; Melle: A. Tiedgemeyer und Chr. Holzapfel; Minden: Th. Kiel und W. Rouſ⸗
1721 2507 3774 2586 ſeau ſen.; Moringen: E. F. Nolte; Münchehagen: E. H. Scheele; Münden, hannov.: C. F.
1720 2554 3773 2632 Röh ig und H. L. Lütkemann; Münder: W. Brockhof; Naumburg a./S.: W. O. Dörrien; Neu⸗
1721 2600 3772 2678 ſtadt: A. Stünkel; Nienburg: F. W. Dreſ ng; Nordheim: A. Sonne; Nordhorn: J. K.
1722 2647 3772 2725 Schultz; Nordſtemmen, Bahnhof: Theod. Oſten; Obernkirchen: G. L. Severit; Oldenburg:
1721 2692 3772 2770 F. Burgtorf; Oldendorf, preuß.: D. Lövenſtein; Osnabrück: L. Delkeskamp, F. Lüning und Lün⸗
1723 2740 3771 2816 ning (Bahnhof); Peine: Ad. Beimes; Petershagen: G. F. Röſcher; Polle: W. Zumpe; Pyr⸗
1724 2786 3775 2858 mont: F. Freeſe jun.; Rahde: Fr. Schmahltiſch und C. Fahlbuſch; Rinteln: Gaſtgeber Dühlmeyer
1724 2831 3772 2903 und O. Eiſel; Rothenburg: C. G. Prâel; Sachſenhagen: C. Stünkel; Salzgitter: J. C.
1727 2879 3773 2948 Geermann; Salzuffeln: C. W. Grimme: Schapen: J. Th. Val; Scharmbeck: G. W. Bock;
1726 2925 3773 2997 Schmalkalden: L. Pfannſtiehl; Sievershauſen: C. H. C. Schoppe; Soltau: W. L. Krüger;
1727 2971 3775 3044 Springe: H. Oſte kamp und C. F. Spangenberg; Stade: E. A. Brecht; Stadthagen: C. Beſſer
1726 3019 3773 3088 und H. Engelking (Bahnhof); Uchte: D. W. A. Grovermann; Uelzen: C. H. Kerke Wwe; Uslar:
1727 3064 3773 3136 Gaſtgeber Nolte; Verden: Alb. Kuhn; Vorburgdam: H. C. Borgſtede; Walldorf in Thüringen:
2216 3165 3281 3227 General⸗Depoſitäre in Deutſchland:
1796 3886 3722 3954 Erfinder und alleiniger Deſtillateur des Meyer’s Schweizer⸗Alpen⸗Kräuter⸗Bitter.
2382 3833 3136 3893 Fürſtenthum Schaumburg⸗Lippe.
2144 3743 3368 3836 E. Eduard Meyer in Stadthagen,
1733 3214 3779 3286 Rohde & Schmahlfeld in Nienburg a. W., Schuhmacher &
2407 3398 3101 3456 Agenten in Deutſchland:
1732 3273 3777 3347 Windel in Harburg, J. C. F Schwartze und Fr. Nactebus
2617 3342 2887 3387 in Berlin.
1870 3448 3644 3519 F. W. Klingemann in Hamburg und H. Roth in Cöln.
2254 3558 3251 3609 Etiquette mit meinem Facſimile verſehen iſt. ☚
1781 3505 3733 3571 ☛ Jede Flaſche iſt als echt anzuerkennen, welche mit obigem Stempel geſchloſſen und auf dem
2841 3620 3780 3669 In entfernten Orten, der Mehrkoſten an Fracht
2907 3667 3709 3715 und Steuer wegen, im Verhältniß höher.
2795 3612 2805 3741 }
1891 3991 3628 4123 Die Traubencur zu Bad Gleisweiler
2372 4353 3135 4417 magnetiſche Heilapparate.
1742 4118 3778 4219 in der Rheinpfalz, Eiſenbahn⸗ und Telegraphenſtation Landau,
2234 4215 3281 4298 beginnt am 1. September.
1745 4290 3782 4356 Kaltwaſſer⸗ und Molkencur, Kiefernadelbäder, Dampfbäder; electro⸗
1918 4405 3779 4465 Als der reizendſte Punkt am obern Haardtgebirge iſt Bad Gleisweiler auch
2803 4637 3646 4712 Dr med. L. Schneider.
1748 4463 3777 4524 ſtets von Nichtkranken beſucht. — Die Abhandlung „Molken⸗ und Traubencur zu Bad
1748 4521 3778 4581 Gleisweiler“ iſt von Unterzeichnetem gratis und franco zu beziehen, wenn der Franco⸗
1748 4579 3699 4643 beſtellung eine Groſchenmarke beigelegt wird. Näheres durch den Arzt der Anſtalt
2006 4754 3528 5019 Bad Nenndorf
1755 5256 3783 5371 an der Eiſenbahn zwiſchen Hannover und
2420 5370 3123 5482 Pr. Minden.
1867 5028 3664 5145 in der Kurheſſiſchen Grafſchaft Schaumburg,
2169 5145 3368 5256 nahe der Station Haſte,
1953 5484 3785 5559 Die Leſe⸗, Converſations⸗ und Spiel⸗
1757 5724 2393 5802 beſetzten Orcheſter.
1757 5563 3782 5643 Salons ſind vom 1. Mai an täglich geöffnet, auch täglich
1756 5645 3788 5723 muſikaliſche Vorträge in der Promenade von einem vollſtändig
1956 5803 3786 5879 Bei Ankunft der Bahnzüge ſtehen an der Station Haſte
1761 6122 2529 6200 Courierzug nach Köln.
1757 5881 3785 5963 Poſtwagen und elegante Omnibus in Bereitſchaft. Abends
1758 5960 3785 6042 9 Uhr regelmäßige Extrafahrten nach Wunſtorf zum
1759 6042 3786 6117 Anſchluſſe an den 11 Uhr 45 Minuten Nachts daſelbſt paſſirenden
2792 6359 3176 6402 oder Geſellſchafterin.
3053 6217 3790 6270 Geſucht wird für ein junges, eltern⸗
3005 6268 3789 6315 loſes Mädchen von gutem Herkommen
2790 6315 3789 6362 und guter Erziehung eine Stelle als Haushälterin
2838 6406 3788 6453 Offerten erbittet man unter der Adreſſe H. B.
2797 6452 3357 6496 G. Uelzen poste restante.
3799 378 3894 421 unſer
3846 326 4625 391 Zur bevorſtehenden Jagdzeit verfehlen wir
3928 422 4674 531 Haupt⸗Depot
4128 511 4458 562 für den Zollverein
3802 558 4674 647 aller Jagdartikel, als: Pulverhör-
3804 616 4674 698 ner, Hagelbeutel, Patronenhül-
3804 665 4674 744 sen, Patronentaschen, Zündhüt-
4173 710 4429 747 chen etc.
3808 756 4673 858 aus der Fabrik von Gevelot in Paris
3994 816 4573 882 (en gros zu Fabrikpreiſen)
3810 871 4214 916 beſtens zu empfehlen.
3815 1151 4151 1193 empfohlen halten.
3858 918 4673 1000 Unſer Lager von Jagdgewehren aller
3811 963 4673 1045 Art bietet ebenfalls eine reiche Auswahl von Per-
3811 1011 4672 1088 cussions-Doppelflinten & Flin-
3811 1059 4672 1138 ten nach dem Syſtem Lefaucheux eigener
3813 1104 4672 1174 Fabrik und wollen wir auch dieſe hiermit beſtens
3861 1197 4502 1245 Hannover, im Septemter 1858.
3964 1244 4663 1350 C. D. Tanner & Söhne.
3856 1371 4663 1479 Landwirthſchaftl. Lehranſtalt.
3978 1475 4596 1540 Nienburg a. d. Weſer.
3888 1546 4667 1617 Der diesjährige Winter⸗Curſus der hieſigen
3823 1593 4668 1659 landwirthſchaftlichen Lehranſtalt beginnt am 18.
3821 1638 4670 1707 October. Anmeldungen ſind dem Unterzeichneten
3822 1731 4673 1808 jede weitere Auskunft über die Anſtalt zu geben.
3824 1686 4611 1742 zeitig einzuſenden, und iſt derſelbe zugleich
3870 1778 4501 1822 Nienburg, den 2. Sept. 1858.
4165 1836 4657 1903 J. C. Eberhardt.
4298 2026 4347 2081 in
3850 1903 4673 2048 Gaſthof-Empfehlung
3928 2106 4635 2186 Bremerhaven.
3827 2243 4673 2292 ergebene Anzeige zu machen, daß ich den bislang
3826 2383 4584 2428 das Geſchäft nunmehr unter dem Namen:
3827 2335 4629 2384 ſigen Platze beſtandenen Gaſthof übernommen
3873 2197 4651 2247 Ich erlaube mir einem geehrten Publikum
3826 2287 4638 2334 unter der Firma Steinhoff’s Hôtel am
3886 2439 4657 2552 Twietmeyer's Hôtel
3826 2564 4674 2622 fortſetze. Durch neue und comfortable Einrichtung,
3827 2614 4674 2662 ſo wie durch reelle Bedienung glaube ich in den
4246 2846 4519 2888 hochachtungsvoll
3826 2659 4657 2712 Stand geſetzt zu ſein, allen Anforderungen zu
3827 2705 4622 2754 nügen, und indem ich die Verſicherung gebe,
3827 2754 4647 2804 aufbieten zu wollen, um mir eine allgemeine
3825 2800 4419 2848 friedenheit zu erwerben, zeichne
4103 2891 4658 2983 A. H. Twietmeyer.
3833 3510 4138 3556 gegeben werden.
3830 3227 4649 3275 mehre Jahre in einer renommirten Brauerei
3830 3273 4638 3319 Werkführer fungirt haben, und namentlich im
3830 3365 4648 3415 Vorſichtshalber würde Jemanden, der ca. 2000
3832 3409 4674 3457 Caution leiſten kann, oder ſich mit dieſer Summe
3833 3455 4673 3506 bei einigem Antheil betheiligen will, der Vorzug
4048 3040 4654 3087 großartiges Etabliſſement, wird da
3831 3133 4668 3185 beſitzt, ein mit beſonders guten Zeugniſſen
4071 2997 4620 3037 In eine Brauerei in Bremen, ein
3829 3087 4573 3136 Eigner ſelbſt keine praktiſche Kenntniſſe im
3831 3179 4633 3227 verſehener Braumeiſter geſucht. Derſelbe
3831 3319 4632 3367 reiche des Lagerbier⸗Brauens ſehr bewandert
3908 3540 4678 3595 Das Nähere iſt auf frankirte Anfragen in der
3833 3594 4533 3647 Expedition dieſer Zeitung zu erfahren.
3833 3705 4041 3742 genommen.
3897 3638 4641 3692 Schriftliche Anfragen werden nur frankirt
3981 3743 4659 3841 Vortheilhafte Offerte.
3833 4125 4072 4166 Theilnehmer.
3833 3921 4674 3984 genen „Eiſenſteinbergwerkes“, welches
3834 3967 4676 4027 äußerſt reichhaltig und vielverſprechender Ausſicht
3836 4013 4675 4074 iſt, ſucht der gegenwärtige Beſitzer, (welcher bereits
3834 4052 4673 4119 die erforderliche Betriebs⸗Conceſſion in Händen hat)
3880 3835 4638 3890 Zur Betreibung und Ausbeutung eines neu
3833 3880 4629 3934 deckten, in der Nähe der Main⸗Weſer⸗Bahn
3833 4254 4384 4301 tenberger in Kaſſel.
3879 4147 4676 4212 Offerten erbittet man ſich bis zum 20. d. Mts.
3832 4186 4681 4250 franco durch die Buchhandlung von G. Würt-
4090 4322 4532 4416 Eiligſt geſucht.
3835 4564 4180 4606 Zeitung entgegen.
3880 4396 4680 4466 Zu mehren vortheilhaften Hauslehrerſtellen Can⸗
3834 4443 4677 4508 didaten der Theologie. Frankirte Offerten unter
3834 4488 4678 4558 Adreſſe A. B. 3 nimmt die Expedition dieſer
4140 4614 4507 4705 Für Lehrer.
3836 5035 4112 5077 dieſer Zeitung.
3837 4908 4677 4981 lichen Unterricht ertheilen können Franco⸗Offerten
3881 4681 4677 4754 Für Anfangs October wird ein tüchtiger Lehrer
3835 4817 4678 4893 geſucht. Er muß in der Geſchichte, Geographie
3834 4959 4676 5029 unter der Chiffre A. B. beſorgt die Expedition
3834 4867 4678 4938 Arithmetik und in der deutſchen Sprache gründ
3836 4736 4650 4798 aus Norddeutſchland, am liebſten ein Candidat
3836 4790 4614 4848 Theologie, für eine Erziehungsanſtalt am
4040 5076 4568 5145 Hauslehrer geſucht.
3839 5204 4682 5283 oder eine Lehrerin zu engagiren. Franco⸗Offerten
3839 5324 4478 5376 Expedition dieſer Zeitung erbeten.
3898 5128 4625 5191 Eine Familie auf dem Lande, in der
3838 5174 4621 5235 Bremens, wünſcht für ihre Kinder einen
3838 5263 4651 5329 werden bis zum 16. d. M. unter Littr. K. an
4010 5374 4597 5448 Eingegangene Gaben.
4084 5698 4549 5758 Geburts⸗Anzeige.
3887 5417 4665 5490 Für die arme Lehrerwitwe und 4 Kinder
3839 5536 4683 5628 in W. 1 Thlr.; für Glauchau von S. M. 1 Thlr.
3840 5461 4649 5535 Mechtshauſen, die noch ſehr der Nachhülfe
3840 5519 4617 5580 darf: von J. G. 4 Ggr., E. S. 12 Ggr.,
4237 5592 4671 5660 J. Theod. Werner.
4039 5866 4651 5940 Hermann von Dassel,
4214 5935 4557 5989 Amtsgerichtsaſſeſſor,
3839 5946 4692 6046 und Frau, Bertha, geb. von Minnigerode:
3918 6028 4667 6104 Verlobungs-Anzeige.
4516 6171 4656 6216 Moringen.
4099 6094 4547 6145 Louis Schwabe
4187 6140 4474 6189 Lina Löb.
3935 6206 4053 6238 Moringen.
1734 3609 2766 3660 Die verſiegelte ganze Originalflaſche koſtet 16½ Sgr.
1760 3659 2738 3703 „ „ halbe „ „ 9 „
1759 3707 2739 3744 „ „ viertel „ „ 5 „
3841 5862 4078 5904 heute erfreut
3888 5723 4658 5814 Ebergötzen, den 7. Sept. 1858. Durch
3841 5792 4603 5858 Geburt eines geſunden, kräſtigen Knaben
