6324 8262
804 218 2145 291 telbarem Vortrage bei dem Könige berechtigt iſt, und die
818 578 1737 642 auf dieſen abnormen Zuſtand erſtreckte.
809 281 2146 346 Macht, welche er für ſich außer allem Zuſammenhange
810 343 2148 406 mit dem Staatsorganismus bildet, führt in den gegen⸗
811 398 2145 467 wärtigen Verhältniſſen zu einem unerträglichen Gegenſatz,
813 457 2152 527 der genügend empfunden wird. Jedenfalls wäre es ein
815 515 2149 586 wichtiger Fortſchritt, wenn die Polizeireform ſich auch
827 883 1051 934 wie folgt:
908 631 2164 702 In Köln iſt eine Adreſſe an Pius IX. in Umlauf
821 690 2160 764 geſetzt und bereits mit mehren tauſend von Unterſchriften,
821 750 2159 811 unter denen die der höchſten Beamten und angeſehenſten
823 807 2157 880 Bürger, bedeckt. Dieſelbe lautet nach der „Köln. Ztg.“
898 918 2161 983 Heiligſter Vater! Unter den betrübenden Ereigniſſen, die Dich,
826 966 2162 1031 Heiligſter Vater, umgeben, und die ſelbſt das Patrimonium Petri zu
828 1165 1598 1211 Treue ehrfurchtsvoll Ausdruck zu geben.
829 1010 2163 1080 gefährden ſcheinen, drängt es die unterzeichneten Katholiken der Me⸗
828 1058 2163 1120 tropole und Erzdiöceſe Köln, als treugehorſame Söhne der heiligen
827 1104 2165 1167 katholiſchen Kirche, ihrer innigen Verehrung und unverbrüchlichen
902 1196 2166 1256 Mit tiefer Bekümmerniß haben wir es erfahren, daß in einem
829 1242 2166 1307 Theile jener Staaten, die Dir, Heiligſter Vater, als unveräußerliches
835 1574 1789 1629 Ruhe und Frieden in Deine Staaten zurückkehre.
833 1289 2168 1348 Erbe überkommen ſind, der Aufruhr ſein Haupt erhoben, eine Ge⸗
832 1334 2169 1398 waltherrſchaft eingeführt, und dadurch Dir, dem Mildeſten und Sanft⸗
832 1383 2168 1446 müthigſten der Herrſcher, ſchweres Herzeleid bereitet hat. Und wahr⸗
832 1429 2168 1493 lich, jedes katholiſche Herz iſt vom tiefſten Mitgefühl ergriffen und
833 1479 2169 1540 hofft, wünſcht und verlangt mit der vollen Kraft ſeiner Ueberzeugung,
835 1522 2171 1585 daß baldigſt jede Beeinträchtigung Deiner Herrſchaft aufhöre, und
908 1615 2169 1676 Damit dieſes geſchehe, haben wir bisher, Deiner Aufforderung
838 2000 1097 2049 liſchen Kirche.
836 1661 2174 1720 nachkommend, unabläſſig zu dem Herrn der Heerſchaaren gefleht; jetzt
839 1710 2173 1768 aber, bei den ſteigenden Gefahren, glauben wir den Augenblick ge⸗
837 1754 2172 1812 kommen, um vor der Welt es offen auszuſprechen, daß wir als
838 1802 2176 1861 Katholiken im Angeſichte Gottes feierlichſt proteſtiren gegen jedwede
839 1849 2174 1906 Schmälerung Deiner Machtſtellung auf Erden: — in ihr, in der
839 1893 2177 1952 Selbſständigkeit und Unabhängigkeit des heiligen Stuhles, finden wir
840 1940 2177 1999 eine Bürgſchaft für die Freiheit und Unabhängigteit der ganzen katho⸗
912 2031 2178 2093 Wie groß aber auch unſere Bekümmerniß und unſer Schmerz ſein
845 2458 1598 2507 der Auferſtehung, nimmer ausbleibt.
839 2078 2179 2141 mögen, wir laſſen deshalb den Muth nicht ſinken; ja wir haben die
839 2126 2180 2188 feſte Hoffnung, daß dieſe Trübſal, welche die Kirche in ihrem Ober⸗
841 2171 2180 2232 haupt getroffen, zu ihrem Heile ſich wenden und mit ihrem Triumphe
844 2218 2180 2280 endigen werde. Wiſſen wir es doch, daß Gottes Hülfe Seiner Kirche
843 2265 2180 2318 dann immer am nächſten iſt, wenn das Schifflein Petri von den
843 2310 2182 2371 Wogen am heftigsten umtobt wird; und daß, wie dies ein hohe⸗
844 2357 2182 2418 prieſterlicher Mund noch kürzlich ausgeſprochen: „nach unvergänglichen
845 2403 2183 2463 Geſchicken dem Kreuz und den Gekreuzigten der dritte Tag, der Tag
917 2495 2183 2555 In der Hoffnung, daß dieſe ſchlichte Kundgebung unſerer kindlichen
848 2543 2183 2602 Gefühle von Dir, Heiligſter Vater, gütig aufgenommen und Deinem
847 2640 1873 2694 Unterwürſgkeit um den heiligen apoſtoliſchen Segen.
846 2589 2184 2649 Herzen wohlgefällig ſein werde, bitten wir in tiefſter Ehrfurcht und
920 2689 1752 2738 Köln, am Tage der heiligen Urſula 1859.
1193 2766 1846 2832 Oeſterreich.
937 2852 2186 2914 w Wien, 11. Nov. Das Schillerjubiläum mit ſei⸗
877 5676 2210 5739 ſernen mit aufgelegten Sätteln des Signals zum Auf⸗
851 2909 2187 2979 nem feſtlichen Gepränge hat augenblicklich das Intereſſe
854 2969 2188 3030 an der „brennenden“ Politik in den Hintergrund gedrängt.
853 3027 2190 3094 Selbſt die in der heutigen „Wiener Ztg.“ enthaltene Nach⸗
853 3084 2190 3147 richt von der endlich erfolgten Unterzeichnung des Züricher
855 3142 2182 3212 Friedens ging faſt ſpurlos vorüber, war doch die im
856 3199 2191 3270 Hotel Baur tagende Diplomatenconferenz ohnehin für
856 3259 2191 3322 uns beinahe ſchon dem Gebiete verſchollener Sage an⸗
859 3316 2192 3384 heimgefallen. Von dem Feierlichkeitsſturm, welcher die
863 3373 2189 3438 Schillerwoche anfüllte, werden ihnen unſere Journale
861 3432 2188 3494 einen annähernden Begriff geben. Als das bedeutendſte
862 3487 2192 3558 Ereigniß trat aus dieſem Chaos von Akademien, Feſt⸗
861 3546 2193 3615 vorſtellungen und Fackelzug die Rede hervor, welche
863 3605 2192 3669 Schuſelka in der vom Schriftſtellerverein Concordia ver⸗
865 3662 2192 3725 anſtalteten Akademie gehalten. Schuſelka ſprach Dinge
878 5735 2212 5800 ſitzen. Aber es kam zu nichts! Die Dunkelmänner hat⸗
865 3720 2194 3782 aus, die hier in Wien noch niemals in ſolcher Weiſe ge⸗
865 3777 2196 3845 hört worden ſind. Selbſtverſtändlich mußte dieſe Rede
866 3887 2197 3958 über die ungeheure Liberalität, mit welcher man dem
870 3952 2199 4016 ehemaligen Reichstagsdeputirten erlaubte, den Arbeiter⸗
868 4009 2198 4073 ſtand zu glorificiren und ſeine Geißel über unantaſtbare
870 4065 2194 4130 Hoheiten zu ſchwingen. Mit dieſer Liberalität hat es
872 4124 2199 4188 eine eigene Bewandtniß. Dem herkömmlichen Gebrauche
871 4179 2200 4246 gemäß hatte Schuſelka ſeine Rede cenſuriren laſſen müſſen,
870 4235 2199 4297 es wurden eine Menge Dinge beanſtandet und Schuſelka
869 4293 2198 4359 mußte zuſagen, in ſeinem Vortrage alle dieſe misliebigen
871 4353 2200 4416 Stellen wegzulaſſen. Aber als die Stunde kam und er
869 4410 2201 4474 ſich der athemlos lauſchenden Menge gegenüber ſah, da
870 4468 2201 4533 mag wol die Begeiſterung mächtiger geweſen ſein, als
871 4526 2202 4587 die Erinnerung an die auferlegte Verpflichtung: kurz, er
871 4584 2201 4642 hielt die Rede, ohne ſie auch nur um ein Jota zu ver⸗
870 4641 2203 4706 ſtümmeln. Die Entrüſtung in maßgebenden Kreiſen war
873 4700 2202 4765 groß, ja man dachte ſogar daran, gegen den pflichtver⸗
873 4755 2204 4823 geſſenen Volksredner die ernſteſten Maßregeln zu ergreifen,
871 4812 2205 4878 indeſſen unterblieben dieſelben auf die Einſprache einer
871 4867 2206 4937 zur Mäßigung rathenden einflußreichen Perſönlichkeit. Bei
872 4926 2206 4992 dieſer Feier, durch welche der neue Schriftſtellerverein zum
874 4982 2208 5048 erſtenmal dem Publikum gegenüber als Corporation auf⸗
874 5042 2206 5110 trat, glänzte der Adel der Reſidenz durch ſeine Abweſen⸗
874 5098 2208 5167 heit; auch die Hofloge blieb den ganzen Abend leer. Hatte
875 5158 2208 5222 doch eine gewiſſe mächtige Partei mancherlei Andeutun⸗
876 5215 2208 5282 gen über die verwerfliche Tendenz dieſes Menſchencultus
875 5273 2209 5337 fallen laſſen und ſich in düſtern Prophezeihungen über
877 5331 2211 5389 die bevorſtehenden Ausbrüche wilder Leidenſchaften er⸗
877 5388 2210 5453 ſchöpft. In Folge dieſer unausgeſetzten Wühlereien hatte
877 5443 2210 5510 denn die Regierung wirklich Anſtalten getroffen, um jeden
877 5504 2211 5566 Verſuch einer Ruheſtörung, wozu der Fackelzug Gelegen⸗
876 5561 2210 5627 heit geben könnte, augenblicklich zu unterdrücken. Das
878 5619 2212 5681 Militär war conſignirt, die Cavallerie harrte in den Ka⸗
866 3837 2197 3903 das größte Aufſehen erregen. Das Publikum ſtaunte
2205 197 3556 272 ten ſich wieder einmal unſterblich blamirt: der Fackelzug,
2218 621 2767 679 völkerung anzuerkennen.
2209 258 3551 332 der Hunderttauſende von Menſchen auf wenigen Punkten
2212 315 3554 390 concentrirt ſah, ging in der ſchönſten Ordnung vorüber,
2213 374 3554 441 die „wilden Leidenſchaften“ beſchränkten ſich auf das An⸗
2209 433 3555 508 ſtimmen einiger Vivats; und am anderen Tage fühlte
2215 490 3556 567 ſich die Regierung veranlaßt, durch eine officiöſe Note in
2217 550 3557 619 der „Oeſter. Corr.“ das muſterhafte Benehmen der Be⸗
2306 665 3553 738 In der neunten Sitzung der Vertrauensmänner für
2221 724 3559 793 die Gemeindeordnung wurde die allgemeine Debatte über
2236 1893 3188 1949 bemerkenswerther Weiſe folgendermaßen:
2221 784 3557 849 die Bezirks⸗Gemeindeordnung geführt. Das vorbera⸗
2222 838 3559 907 thende Comite erklärt davon ausgegangen zu ſein, daß
2221 901 3560 967 es ſich einerſeits um Entwickelung des Gemeindelebens
2222 960 3561 1023 und andererſeits um Erſparungen für den Staatshaus⸗
2224 1018 3562 1080 halt handle. Demnach ſollte dem Bezirksgemeindeamt
2225 1134 3559 1202 gen k. k. Bezirksämter übergeben werden. Dagegen
2223 1192 3562 1256 wurde ein Antrag geſtellt, nach welchem die Hypotheken⸗
2226 1249 3564 1317 buchsführung und alle Acte der Gerichtsbarkeit in den
2230 1367 3565 1435 trag ging noch weiter und wollte nur die Zuſammen⸗
2233 1425 3566 1495 faſſung der Intereſſen der Ortsgemeinden zum Wirkungs⸗
2231 1483 3566 1557 kreiſe des Bezirksgemeindeamts gemacht ſehen. Beide
2232 1538 3566 1608 Anträge wurden eingehend motivirt, auch dadurch, daß
2232 1600 3567 1664 die beabſichtigte Organiſaton viele Tauſende von Beam⸗
2233 1657 3567 1722 tenfamilien in ihrer Subſiſtenz gefährden würde. Doch
2234 1717 3566 1774 wurden beide Anträge verworfen und die Grundſätze des
2234 1774 3569 1833 Comites von der Majorität angenommen. Dieſe Grund⸗
2236 1831 3566 1899 ſätze vertheidigte der Vice⸗Präſident Frhr. v. Sala in
2225 1072 3562 1143 der ganze oder doch weſentliche Wirkungskreis der jetzi⸗
2227 1306 3562 1375 Händen k. k. Behörden bleiben ſollten. Ein anderer An⸗
2306 1947 3571 1999 Es ſei vor Allem nothwendig, ſich klar zu machen, daß das der⸗
2236 1992 3570 2050 malige Syſtem, wornach die Regierung die ganze Adminiſtration bis
2239 2093 2966 2140 nicht weiter fortgeführt werden könne.
2238 2039 3571 2096 in ihre letzten Ausläufer durch landesfürſtliche Beamte beſorgt, füglich
2307 2132 3573 2186 Der erſte Grund hierfür liege ſchon in dem Umſtande, daß man
2239 2178 3572 2234 bereits ſo viele Beamte habe, daß es der Regierung kaum mehr mög⸗
2242 2333 2376 2366 können.
2241 2226 3574 2278 lich werde, ſie zu bezahlen, obwol man zugeſtehen muß, daß die ein⸗
2239 2272 3573 2327 zelnen Beamten ſo gering bezahlt werden, daß ſie nicht mehr leben
2311 2365 3574 2417 Ein fernerer Grund liege in der immer zunehmenden Vermehrung
2242 2412 3575 2464 der Geſchäfte. Man habe zu wiederholten Malen und mit allem
2247 2928 2952 2972 Verminderung der Geſchäfte denkbar.
2242 2458 3577 2513 Nachdrucke eine Verminderung der Geſchäfte angeſtrebt; aber immer
2245 2505 3575 2554 ſei die Sache an dem eingewurzelten Hange, über jeden, auch noch
2242 2550 3579 2606 ſo geringfügigen Gegenſtand ſchriftlich und mit aller möglichen Gründ⸗
2244 2597 3577 2647 lichkeit und Weitſchweifigkeit zu verhandeln und eine ſchwierige Ent⸗
2245 2643 3578 2697 ſcheidung hinauszuſchieben, geſcheitert, und ſo habe nicht ſelten die
2245 2691 3578 2745 Frage über Geſchäftsvereinfachung ſogar noch eine Vermehrung der
2246 2738 3580 2788 Schreibereien herbeigeführt. Der Sprecher hege daher die Ueberzeu⸗
2247 2784 3578 2839 gung, daß eine ſolche Verminderung der Geſchäfte im Wege der Bu⸗
2247 2830 3580 2876 reaukratie nicht erreichbar ſei. Nur wenn mit dieſer Gewohnheit der
2247 2878 3580 2926 Vielſchreiberei gründlich gebrochen wird, iſt eine Vereinfachung und
2318 2968 3581 3020 Dazu aber gehören andere, neue, lebenskräftige Organe. Es
2250 3298 3278 3343 und Berichterſtattungen auf die lange Bank ſchieben.
2249 3016 3582 3068 müſſen Leute ſein, die nicht gerne ſchreiben und zur Abthuung irgend
2249 3064 3582 3111 einer auf commiſſionellen Erhebungen beruhenden Verhandlungen
2250 3111 3583 3158 lieber einen augenblicklich zeitraubenden Augenſchein nehmen, oder
2250 3156 3583 3203 mit den Parteien, Kunſtverſtändigen und Zeugen mündlich verkehren.
2249 3202 3584 3251 und auf dieſe Art den wahren Sachverhalt ins Klare ſetzen, als die
2250 3247 3583 3300 Angelegenheit im Wege von ſchriftlichen Vorerhebungen, Aufträgen
2256 3810 3342 3859 bung ſein müſſen, bald ſicher zum Ziele führen werden.
2319 3342 3585 3390 Sprecher verkenne nicht, daß der erſte Uebergang einige Schwan⸗
2251 3387 3586 3440 kungen im Gefolge haben werde. Es werden vielleicht nicht überall
2251 3435 3585 3483 ſehr intelligente Männer an der Spitze der Bezirksgemeindeämter ſte⸗
2253 3481 3586 3538 hen; es wird ferner zum Anfange möglicher Weiſe zu viel im kur⸗
2255 3528 3583 3577 zen Wege abgethan werden; ja es werden hie und da gewiß auch
2254 3575 3586 3624 einzelne Uebelſtände zum Vorſchein kommen, allein all das iſt mehr
2255 3621 3587 3668 oder weniger im Gefolge einer jeden Uebergangsperiode, und es iſt
2254 3668 3586 3716 mit Zuverſicht zu hoffen, daß die mit der Zeit zu gewinnenden prak⸗
2255 3716 3587 3761 tiſchen Erfahrungen, verbunden mit einer entſprechenden Leitung von
2257 3762 3589 3806 Seite der Kreishauptmänner, welche Männer von vorzüglicher Bega⸗
2328 3854 3588 3900 Was den Koſtenpunkt anbelangt, ſo ſei kein Zweifel, daß die Ge⸗
2257 3948 3588 3994 nicht nöthig haben  — um die Hälfte billiger adminiſtriren werden.
2259 3902 3588 3947 meinden, da ſie die koſtſpieligen Controlen, die der Staat braucht —
2327 3994 3590 4038 Es ſei ferner die Frage, ob ein Theil der Adminiſtration über⸗
2263 4502 3339 4545 eines Deficits von 60 bis 80 Millionen zu ſorgen hat.
2259 4041 3590 4086 tragen werden ſolle, ſchon im Programm des Miniſteriums ausge⸗
2261 4084 3589 4129 ſprochen. Es ſoll dies — wie es dort heißt — zum Behufe von
2262 4127 3591 4184 Erſparungen geſchehen. Wenn nun wie hier in politiſcher Linie derlei
2262 4175 3590 4221 Erſparungen in allen Etats angeſtrebt und durchgeführt werden, ſo
2259 4224 3592 4266 könne endlich die Bilanz, wo ſich Einnahmen und Ausgaben des
2261 4269 3591 4313 Staates das Gleichgewicht halten, erreicht und der glückliche Stand⸗
2261 4312 3592 4360 punkt errungen werden, der unſerem Vaterlande zu wünſchen iſt.
2265 4362 3592 4407 Dann werde wieder ein Aufſchwung in allen Richtungen der land⸗
2261 4409 3592 4453 wirthſchaftlichen, gewerblichen und commerciellen Thätigkeit eintreten,
2261 4455 3592 4499 der unmöglich iſt, ſo lange der Staat alljährlich für die Deckung
2331 4546 3594 4590 Was endlich die von einem Vorredner gefürchtete Haftung an⸗
2269 5053 3335 5098 lenden Vortheilen fürwahr nicht in Betracht zu ziehen.
2263 4592 3600 4638 belange, ſo laſſe ſich wol allerdings Steuer⸗Einhebung und Waiſen⸗
2264 4639 3594 4684 kaſſe⸗Verwaltung ohne Haftung nicht denken. Allein, wenn man er⸗
2263 4683 3595 4731 wägt, wie leicht die Bezirksgemeinde in beiden Beziehungen eine Con⸗
2265 4729 3595 4773 trole handhabt — wie ohne Schwierigkeit ſie ſich gegen Veruntreuun⸗
2266 4775 3596 4822 gen ſchützen kann, ſo fällt dieſe Einwendung wahrlich nicht ins Ge⸗
2266 4821 3597 4864 wicht, wenn man noch überdies ſich erinnert, in wie ſeltenen Fällen
2268 4869 3597 4912 es bei den ehemaligen Patrimonialgerichten vorgekommen iſt, daß
2267 4914 3598 4958 dieſe auch ihnen obgelegene Haftungspflicht wirklich bis zur Pflicht
2267 4961 3598 5005 des Erſatzes gediehen iſt. Tritt endlich dieſer leidige Fall auch wirk⸗
2267 5006 3599 5052 lich ein, ſo iſt ein ſo geringes Uebel im Vergleiche zu den zu erzie⸗
2337 5099 3598 5144 Auch die Befürchtung einer minder guten Rechtspflege bei dem
2271 5564 2440 5606 entſtehen.
2270 5146 3600 5190 Beſtande der Bezirksgemeinde⸗Aemter findet Sprecher nicht gegründet.
2268 5188 3600 5236 In dieſer Beziehung liege eine zureichende Bürgſchaft in der Auf⸗
2269 5238 3600 5283 ſtellung der Amtsräthe, welche vollkommen geprüfte Richter ſein
2271 5285 3601 5329 müſſen und den aus der Wahl hervorgegangenen Organen zur Seite
2271 5330 3601 5374 ſtehen. Dieſelben bleiben der Regierung verantwortlich und ſind
2271 5377 3602 5421 andererſeits der Bezirksgemeinde gegenüber dadurch unabhängig ge⸗
2269 5423 3603 5467 ſtellt, daß ſie ohne Genehmigung der Staatsbehörde als unabſetzbar
2271 5470 3603 5512 bezeichnet werden. Es dürfte vielmehr ein Gewinn für die Rechts⸗
2269 5517 3604 5561 pflege durch den dem Friedensrichter eingeräumten Wirkungskreis
2710 5610 3165 5670 Schweiz.
2328 5678 3603 5736 § Zürich, 11. Nov. Ich muß Ihnen einiges von un⸗
2271 5737 3603 5792 ſerer Schillerfeier berichten. Die Züricher Feier hat ge⸗
3615 169 4967 243 wiß etwas voraus vor jeder Feier dieſes Tages auders⸗
3616 231 4965 296 wo. Dr. Viſcher war von der zahlreichen Verſamm⸗
3650 3900 4990 3963 ſollen übrigens heute abgereist ſein, freilich um nach
3616 288 4965 363 lung, die das Feſtprogramm beſchloß, einſtimmig zum
3616 346 4969 422 Feſtredner erkoren. Geſtern Morgen fand die Feſtrede  in
3617 404 4972 475 der Petrikirche, dem größten akuſtiſch eingerichteten Raume
3616 462 4971 538 Zürichs ſtatt. Die Kirche faßt 3500 Zuhörer; ſie war
3618 519 4972 597 gedrängt voll. Viſcher’s Rede war ein Meiſterſtück;
3620 578 4971 652 ſchwerlich ſind an dem geſtrigen Tage wahrere, edlere
3619 637 4972 706 und erhabnere Worte über den großen deutſchen Dichter
3648 4028 3793 4078 kehren.
3622 699 4965 773 geſprochen. Auch hier hatten einzelne Stimmen gegen
3620 755 4970 827 eine Feier in der Kirche ſich geltend zu machen geſucht;
3621 810 4969 879 ſie hatten freilich nicht durchdringen können. Viſcher’s
3621 870 4974 945 Vortrag begann: Die Feier des Dichters, der mit ſeiner
3622 928 4975 1007 großen Kraft dem Unendlichen gedient und dahin gewirkt
3624 989 4974 1057 habe, daß nichts Fremdes zwiſchen den Menſchen und
3624 1046 4974 1118 ſeinen Urquell ſich dränge, könne dieſes Raumes nicht
3623 1102 4974 1177 unwürdig ſein. Dann wies er das Wirken Schiller’s
3625 1164 4971 1238 näher nach. Er verfolgte die Entwickelung des Dichters
3624 1219 4974 1292 in ſeinen Werken, mit jener Einſicht, Klarheit und Mei⸗
3625 1279 4977 1352 ſterſchaft, wie nur der berühmte Aeſthetiker ihrer fähig
3626 1336 4976 1406 iſt. Beſonders hob er darin das glühende Freiheitsgefühl
3648 3958 4991 4022 8 Tagen zur Auswechſelung der Ratificationen zurückzu⸗
3626 1396 4978 1460 des Dichters hervor, zu dem die edelſte Vaterlandsliebe
3629 1456 4977 1526 hinzutrat. So mußte Schiller in das Volk dringen und
3629 1514 4979 1584 auf das Volk zurückwirken, und ſein Geiſt belebte und
3623 1570 4977 1643 entzündete mit die Kraft des deutſchen Volkes in den
3631 1630 4978 1700 Befreiungskriegen. Und ſein Geiſt wird ferner fortleben.
3631 1689 4977 1755 Schiller war der Prophet der nächſten Zukunft ſeines
3631 1746 4972 1810 Volkes, er wird es auch für die fernere Zukunft ſein.
3631 1805 4980 1877 In dieſem Sinne ſchloß der Redner, erhebend, ergreifend.
3632 1864 4974 1931 — Hoffentlich wird die Rede gedruckt werden, um ein
3633 1921 4979 1989 Gemeingut des ganzen deutſchen Volkes zu werden. Am
3633 1981 4979 2049 geſtrigen Tage wurde im Theater ein Feſtprolog von
3635 2037 4980 2106 G. Herwegh, von dem Dichter ſelbſt vorgetragen. Ich
3636 2096 4982 2161 habe ihn nicht gehört; die ihn hörten, loben ihn als eine
3635 2156 4981 2223 ausgezeichnete Arbeit. — Während der Schillerfeier wurde
3635 2213 4985 2283 geſtern, um drei Uhr Nachmittags, endlich denn auch der
3639 2270 4984 2338 „Züricher Friede“ unterzeichnet. Er ſollte kein Gaſthofs⸗
3638 2328 4981 2394 friede werden. Darum — verhandelt und geſchloſſen
3640 2388 4986 2448 wurde er im Hotel Baur am See, im Salon des öſter⸗
3639 2445 4987 2509 reichiſchen Geſandten — hatten die Bevollmächtigten vor
3638 2504 4985 2569 dem Beginn ihrer Verhandlungen, indem ſie alle andern
3640 2562 4987 2629 entgegenkommenden Anerbietungen der hieſigen Regierung
3642 2619 4989 2685 ablehnten, ſich nur vorbehalten, die endliche feierliche
3642 2677 4989 2744 Unterzeichnung des Friedensinſtruments im hieſigen Rath⸗
3642 2739 4988 2801 hauſe vorzunehmen. So iſt es denn auch geſtern ge⸗
3642 2796 4987 2860 ſchehen; und zwar in dem großen Saale, in welchem er
3642 2853 4989 2916 unſer Großer Rath (die Landesvertretung) ſeine Sitzun⸗
3644 2909 4987 2976 gen hält. Die Herren waren in großer Uniform und in
3642 2968 4987 3035 feierlicher Auffahrt erſchienen. Drei Mitglieder der Re⸗
3643 3030 4990 3096 gierung hatten ſie empfangen; ein Ehrenpoſten war am
3643 3086 4993 3148 Portal des Rathhauſes aufgeſtellt. Tant de bruit pour
3643 3144 4991 3203 une —! Daß die Unterzeichnung ſchon zum öftern als
3646 3196 4991 3265 bereits erfolgt angekündigt war, ſelbſt officiell von Paris
3645 3262 4990 3321 aus, wird ihnen erinnerlich ſein. Wie er gerade geſtern
3646 3319 5002 3381 am Schillertage fertig werden muſte —? Louis Napo⸗
3647 3375 5002 3437 leon hat den Tag als einen beſonderen Merktag wol
3649 3435 4993 3508 nicht dafür ausgeſucht; aber die böſe Welt bringt damit
3646 3493 4989 3554 die Thatſache in Verbindung, daß die Herzogin von
3646 3552 4992 3614 Parma das ganze Hotel Baur am See, in welchem der
3648 3608 4993 3670 öſterreichiſche und franzöſiſche Gefandte bekanntlich ihr
3647 3666 4991 3734 Logis hatten, gemiethet hat und heute beziehen wollte.
3649 3720 4991 3784 So waren denn die Herren delogirt; und ſie mußten
3649 3784 4991 3842 wol ein Ende machen. Eigenthümlich genug, daß gerade
3650 3841 4991 3906 die Herzogin von Parma ſie vertreiben mußte. Sie
3971 4112 4686 4172 Großbritannien.
3739 4188 4987 4246 * London. 12. Nov. In den Werften von Chat⸗
3660 4881 4985 4939 Sträflinge aus London nach Chatham gebracht worden.
3654 4248 4986 4307 ham herrſcht gegenwärtig die allergrößte Thätigkeit, und
3653 4305 4984 4362 die in den verſchiedenen Etabliſſements angeſtellten Ar⸗
3648 4363 4985 4423 beiter müſſen täglich mehre Stunden Extra⸗Arbeit ver⸗
3654 4415 4978 4478 richten, um die Vollendung der im Bau begriffenen
3654 4477 4978 4538 Kriegsſchiffe zu beſchleunigen, und den andern Werften
3655 4534 4982 4592 das erforderliche Material zu liefern. Es befinden ſich
3653 4592 4981 4650 in Chatham gegenwärtig drei Linienſchiffe, zwei Fregatten
3655 4648 4981 4704 von 51 Kanonen und mehre kleinere Kriegsſchiffe im
3657 4706 4982 4760 Bau, und ſo wie es nur der Raum geſtattet, ſollen zwei
3657 4764 4980 4822 andere Linienſchiffe erſter Größe in Angriff genommen
3659 4822 4982 4878 werden. Die Arbeiten zu beſchleunigen, ſind neuerdings
3745 4939 4982 4995 Der Great Eaſtern liegt vor Southampton gegen
3664 6039 4395 6094 nicht über 15 Knoten betragen.
3660 4991 4987 5053 Sturm und Wellen wohl gedeckt vor Anker, und wird
3660 5055 4989 5108 den Winter über keinen andern Hafen mehr beſuchen.
3661 5113 4988 5169 Es werden nur ſo viele Matroſen an Bord behalten, als
3660 5171 4991 5230 zum Reinhalten nothwendig ſind. Die Segel ſind unter
3664 5231 4991 5285 Dach und Fach gebracht, die Maſte neu angeſtrichen und
3663 5286 4989 5341 auch der Kiel erhält einen neuen Oelſtrich⸗Ueberzug, um
3664 5344 4987 5401 im Frühjahr ſchmuck zu ſein, wenn es an der Zeit zum
3665 5402 4993 5456 Auslaufen ſein wird. Bis dorthin werden in der Cabi⸗
3664 5461 4991 5519 neneinrichtung und in der Maſchinerie radicale Verände⸗
3664 5518 4989 5576 rungen vorgenommen werden müſſen. Man ſpricht von
3663 5577 4991 5632 neuen Keſſeln, größeren Schornſteinen, von Aenderungen
3665 5635 4994 5685 der Schraube und der Schaufelräder, von neuen Vor⸗
3665 5693 4989 5748 richtungen zur Keſſelſpeiſung, kurz von ſo vielen nothwen⸗
3666 5751 4993 5806 dig erachteten Verbeſſerungen, daß der Reſt des vorhan⸗
3665 5808 4995 5860 denen Actiencapitals kaum ausreichen wird, einen Theil
3665 5864 4995 5921 der Koſten zu decken. Und wenn alles was jetzt vorge⸗
3665 5924 4990 5979 ſchlagen iſt, ausgeführt ſein wird, dürfte die mittlere
3665 5976 4990 6038 Geſchwindigkeit des Fahrzeuges auf langen Fahrten doch
3750 6095 4995 6152 London war nicht die einzige Stadt Englands, die
3666 6441 4708 6499 ein großes lebendes Bild beſchloſſen wurden.
3664 6155 4995 6209 ihr Schillerfeſt beging. Es liegen heute auch von
3665 6213 4997 6270 Bradford und Liverpool Feſtberichte vor. In letztgenann⸗
3664 6271 4996 6323 ter Stadt führte der preußiſche Conſul bei dem in St.
3664 6327 4995 6384 Georges Hall veranſtalteten Banket den Vorſitz. Voraus
3665 6386 4995 6453 gingen muſikaliſche und literariſche Vorträge, die durch
3750 6502 4996 6558 Dr. Surethurſt, der, des Giftmordes angeklagt, von
3663 6905 5001 6969 mit ihm dieſes Verbrechens wegen der Prozeß gemacht
3662 6559 4998 6615 den Geſchwornen ſchuldig befunden war, ohne daß die
3660 6616 4999 6675 Krone ſich, gegenüber der lückenhaften Beweisführung,
3663 6674 4996 6731 berechtigt gefühlt hätte, die Todesſtrafe — und überhaupt
3663 6732 5000 6793 eine Strafe — an ihm vollziehen zu laſſen, iſt geſtern
3663 6790 4994 6855 aus dem Criminalgerichte entfernt, aber unter erwieſener
3664 6967 3801 7007 werde.
3663 6848 5000 6906 Anklage der Bigamie der Polizei übergeben worden, da⸗
4014 7056 4656 7123 Frankreich.
3750 7135 4998 7195 ✽ Paris, 13. Nov. Das „Journal des Debats“
3664 7193 5004 7258 bringt heute nach ſeinen Berliner Correſpondenzen eine
3669 7889 5003 7963 nen glauben, werden wir ganz im Dunkeln gelaſſen.
3665 7251 5003 7317 Analyſe des Rundſchreibens des Hrn. v. Schleinitz in
3666 7308 5004 7373 Betreff der Zuſammenkunft von Breslau. Danach ſcheint
3666 7368 5003 7434 indeſſen auch dieſes Actenſtück den Charakter der preußi⸗
3667 7424 5003 7484 ſchen Diplomatie, die nichts mehr ſcheut, als ein klares
3667 7483 5005 7546 Herausrücken mit ihren Gedanken und Abſichten, nicht
3667 7541 5005 7607 zu verleugnen. Wir hören Hrn. v. Schleinitz nur ver⸗
3668 7597 5004 7661 ſichern, daß die preußiſche Regierung mit Rußland über
3668 7656 5005 7722 alle Fragen einig, ſowie daß dies Einverſtändniß noth⸗
3668 7714 5003 7783 wendig ſei zur Regelung der anormalen Lage Europas.
3669 7772 5004 7839 Über die Mittel aber, durch welche die beiden Mächte
3669 7832 5003 7899 zu dem wünſchenswerthen Ziele gelangen zu kön⸗
5126 683 6250 777 Die heutige „Patrie“ enthält folgende Mittheilung:
5041 1098 5366 1143 werden wird.“
5043 736 6250 831 „Der officielle Beitritt Englands zum Congreſſe iſt noch
5039 800 6249 882 nicht angekommen. Die Unterhandlungen dauern fort.
5039 858 6250 938 Der Congreß ſoll in Paris ſtattſinden und am 15. De⸗
5038 917 6271 1004 cember zuſammentreten. Man ſpricht von der Möglich⸗
5040 976 6271 1057 keit einer miniſteriellen Veränderung in Turin: man hatte
5038 1033 6272 1141 jedoch Grund zu hoffen, daß dieſe Eventualität vermieden⸗
5039 1266 6051 1323 iſt von dem Kaiſer hierher berufen worden.
5127 1143 6273 1239 Oberſt Cipriani, der ſeine von der franzöſiſchen Po⸗
5041 1207 6273 1321 litik unterſtützte Rolle in den Legationen ausgeſpielt hat,
5129 1323 6274 1415 Für die China⸗Expedition iſt geſtern in der Pariſer
5043 1734 5801 1788 von Strohhüten beſtellt worden.
5043 1383 6274 1469 Garniſon Umfrage nach Freiwilligen gehalten worden;
5043 1500 6275 1578 trächtlich ſein. Die erforderlichen Pferde wird Frankreich
5043 1562 6275 1642 von Spanien erhalten und zwar von Manilla aus. Für
5043 1442 6274 1518 die Zahl derer, die ſich gemeldet haben, ſoll ſehr be⸗
5043 1615 6276 1708 die Truppen der Expedition ſind 12,000 Sommerjacken,
5044 1677 6276 1784 eben ſo viel Flanellhemden und ſogar eine gleiche Anzahl
5036 623 5856 684 König Victor Emanuel geſchrieben.
5030 155 6248 247 Von anderer Seite werden dagegen heute in Betreff der
5032 214 6266 309 Stellung Rußlands zur italieniſchen Frage die früheren
5032 266 6248 364 Mittheilungen, wonach dasſelbe auf dem Congreſſe ent⸗
5034 329 6248 421 ſchieden die Zurückführung der vertriebenen Fürſten for⸗
5036 390 6249 481 dern würde, beſtätigt. Nicht allein, heißt es, habe der
5036 446 6249 538 Kaiſer Alexander dem jungen Großherzog von Toscana
5037 507 6251 597 brieflich die beſten Zuſicherungen gegeben, ſondern er habe
5038 566 6250 654 auch zugleich in hiermit übereinſtimmendem Sinne an den
5051 2263 5502 2315 Morini ausgeführt.
5131 1786 6277 1865 Die Schillerfeier im Cirque Napoleon iſt außerordentlich
5045 1851 6277 1925 glänzend ausgefallen. In dem ungeheuren Raume, welcher
5044 1909 6277 1991 Tauſende von Menſchen faßt, war auch nicht ein Platz
5047 1969 6278 2039 leer geblieben; 500 Sänger und Orcheſtermitglieder wirk⸗
5045 2026 6278 2113 ten mit, Ludwig Pfau hatte einen Prolog gedichtet, die
5047 2084 6279 2166 Feſtrede hielt Dr. Kaliſch. Daviſon aus Dresden las
5048 2143 6279 2219 einige Scenen aus Don Carlos, die Solos in den Ge⸗
5047 2201 6279 2290 ſangsvorträgen wurden u. a. von Frl. Crüvelli und Hrn.
5136 2309 6280 2386 In Compiegne wird heute ein neues Gelegenheits⸗
5048 2434 6281 2499 Veuve.“ Die Kaiſerin ſelbſt ſpielt die Hauptrolle, und
5051 2551 6282 2623 Rang der Darſtellerin nicht ganz unberückſichtigt zu laſſen.
5049 2376 6280 2446 ſtück von Octave Feuillet aufgeführt. Es heißt: „La
5050 2495 6281 2557 der Verfaſſer wurde bedeutet, in dem Dialog den hohen
5058 3314 5888 3369 ohnmächtig hinausgetragen werden.
5140 2610 6282 2674 Geſtern kam die Affaire der Entſührung des Kindes
5057 3136 6285 3195 Wahnſinn zu plaidiren, und zwar mit dem Erfolg, daß
5056 3075 6285 3139 ſein, die ihrem Advocaten, Lavaud, Gelegenheit gab, auf
5057 3195 6286 3253 die Angeſchuldigte freigeſprochen wurde. Als ſie das Ur⸗
5056 3245 6286 3308 theil vernahm, rief ſie: Dauk! Dank! und mußte dann
5052 2667 6282 2731 Hua vor das Aſſiſengericht. Eine große Menge, worunter
5053 2727 6283 2787 viele hochgeſtellte Damen, hatte ſich eingefunden. Es
5053 2784 6283 2848 ſtellte ſich heraus, daß Louiſe Cheveau, die ſich dieſes
5053 2845 6283 2906 Verbrechens ſchuldig gemacht hatte, das Kind wirklich nur
5055 2902 6284 2969 raubte, um ihren Geliebten, einen ſchönen, aber ganz
5056 2960 6284 3022 herzloſen Mann, zur Heirath zu zwingen. Das unglück⸗
5054 3018 6285 3082 liche Mädchen ſcheint übrigens von Hyſterie befallen zu
5487 3405 5946 3469 Italien.
5113 3471 6291 3551 Als Beiſpiele für die Greuel, welche mit der Verwal⸗
5055 3545 6291 3605 tung des Kirchenſtaats durch die Geiſtlichkeit verbunden
5056 4292 6291 4345 milie und deren Räuber eine ausreichende Leibrente aus⸗
5048 4344 6292 4412 zuwerfen. — Der zweite Fall iſt folgender. Ein römi⸗
5048 4395 6292 4470 ſcher Jude hatte ein zum Unterhalte ſeiner Familie nöthi⸗
5046 4516 6292 4586 ten dem Ungläubigen die ganze Ernte, und er ſuchte des⸗
5047 4457 6292 4530 ges Landſtück gepachtet. Seine chriſtlichen Nachbarn raub⸗
5056 5162 6172 5220 Die Polizei verbot ihm jede weitere Beſchwerde!
5051 4979 6292 5049 Flurhüters. Der arme Jude dankt ihm mit Freudenthrä⸗
5051 5042 6292 5104 nen und — erfährt bald, daß der Name des Flurhüters
5050 4159 6291 4240 pelehe des Weibes durch den Segen der Kirche. Noch
5054 4229 6291 4300 mehr!! Padova wurde verurtheilt, ſeiner ehemaligen Fa⸗
5054 4116 6291 4181 höchſtſelbſt das ehebrecheriſche Paar und heiligte die Dop⸗
5056 3598 6291 3662 ſind, werden im „Frankf. Jour,“ folgende zwei Fälle
5056 3660 6291 3722 aufgeführt: Der jüdiſche Kaufmann Padova zu Ceato
5056 3709 6291 3778 bei Ferrara hatte einen katholiſchen Commis, der ſeine
5057 3773 6291 3834 ſchöne Frau verführte und entführte. Sie nahm ſo⸗
5055 3832 6291 3895 gar ihre beiden unmündigen Kinder mit. Der vereinſamte
5057 3892 6291 3954 Mann klagte auf deren Rückgabe. Aber die päpſtliche Ju⸗
5055 3948 6291 4012 ſtiz gab ihm den Beſcheid: Weib und Kinder ſeien Chri⸗
5052 4004 6291 4067 ſten geworden und gingen ihn folglich nichts mehr an.
5054 5095 6292 5162 einem ſeit ſechs Jahren verſchollenen Manne angehört.
5048 4582 6292 4639 halb um die Erlaubniß an, einen beeidigten Flurſchützen
5045 4637 6292 4700 zu halten. Die Behörde aber verbot den chriſtlichen Eid
5046 4687 6292 4757 zum Schutze des jüdiſchen Eigenthums; auf Goyon’s
5047 4751 6292 4816 Fürbitte jedoch verſprach Cardinal Antonelli, eine Aus⸗
5049 4811 6292 4873 nahme zu machen. Nach einem Vierteljahre mahnt ihn
5048 4872 6292 4928 der General an das unerfüllte Verſprechen und und er⸗
5052 4920 6292 4986 hält nun die Beſtallung eines von Antonelli beſtimmten
5052 4065 6182 4121 Noch mehr! Se. Eminenz der Cardinal Oppizoni
5067 7852 6279 7974 reißen. Ich würde glücklich ſein, nach glorreichen Schlach⸗
5067 7804 6280 7906 lung zu decken, und die Feſtungen von Paris niederzu⸗
5143 5217 6280 5280 In Modena hat die officielle „Gazette“ eine eigen⸗
5055 5269 6279 5339 händige Denkſchrift des vertriebenen Herzogs über die
5055 5322 6280 5399 Herſtellung einer öſterreichiſch⸗italieniſchen Conföderation
5055 5378 6280 5455 veröffentlicht. Franz Joſeph ergeht ſich ausführlich über
5057 5445 6264 5513 Nutzen und Form dieſes Bundes, ſo wie über das Heer⸗
5056 5501 6262 5572 weſen desſelben — das Manuſcript datirt aus dem Jahre
5058 5557 6258 5629 1844 — das ſeine Sporen durch Niederwerfung Frank⸗
5055 5608 6263 5688 reichs verdienen ſoll. Und zwar ſoll Frankreich ohne
5057 5777 6259 5864 pen gleich den algeriſchen Seeräubern neuerdings plötzlich
5056 5674 6255 5747 Kriegserklärung überfallen werden, unter dem Vor⸗
5057 5736 6245 5806 wande der Illegitimität ſeiner Regierung, da deren Trup⸗
5058 5844 6242 5922 Ancona überfallen und beſetzt haben. Nachdem der Her⸗
5056 5897 6258 5989 zog nun die Mittel und Wege gezeigt, wie Frankreich
5057 5959 6253 6034 unterworfen werden könne, wobei er immer vorausſetzt,
5058 6017 6256 6096 daß dieſer Invaſionskrieg in aſlen Stücken ein ſieggekrön⸗
5058 6073 6260 6152 ter werden müſſe, fährt er alſo fort: Da es ſich hier
5059 6138 6260 6214 um einen glücklichen Krieg handelt, ſo kann ich nur wie⸗
5060 6300 6264 6389 dem Herzoge von Modena die Kaſtanien aus der heißen
5060 6248 6268 6327 ken mit der deutſchen Bundes⸗Armee (dieſe nämlich ſollen
5059 6197 6261 6270 derholen, daß die öſterreichiſche Armee im Zuſammenwir⸗
5061 6416 6263 6504 Paris, losgehen müſſe, welches die Kloake aller Schurke⸗
5060 6363 6268 6445 Aſche holen!) ſchnellſtens auf den Kopf der Hydra, auf
5067 6938 6271 7029 geſchleift und die an der Grenze gelegenen von den Ver⸗
5067 7510 6278 7612 Amerika transportirt werden ſolle; daß Frankreich nur
5068 7443 6274 7555 ments ins Innere von Frankreich gebracht oder nach
5067 7393 6273 7494 der turbulenteſte Theil der Bevölkerung dieſer Departe⸗
5068 7569 6279 7673 eine beſtimmte Anzahl von Schiffen und Feſtungen bauen
5065 7624 6279 7729 könne, und daß dieſes Land genöthigt werde, die verbün⸗
5067 7693 6278 7790 dete Armee zu unterhalten, bis Alles in dieſer Weiſe ge⸗
5068 7741 6279 7847 ordnet iſt, und die Kriegskoſten, ſo wie jene der Anſied⸗
5059 6475 6274 6563 reien Europas und mehr als jemals Frankreichs Haupt⸗
5061 6535 6274 6621 ſtadt geworden iſt.“ Der Herzog fährt alsdann in ſeinen
5062 6582 6274 6685 Berathungen fort: „Ich habe weder die Anmaßung noch
5063 6647 6276 6739 die Befähigung, vorzuſchlagen, was für den Fall dieſer
5063 6751 6277 6856 der Einnahme von Paris ſich ganz Europa zu einigen
5064 6696 6276 6799 Begebenheit geſchehen ſoll; ich ſage blos, daß gleich nach
5066 6827 6277 6912 habe, um den Franzoſen eine denkwürdige Lection zu ge⸗
5066 6877 6276 6971 ben; ihre Hauptſtadt ſoll verlegt, ihre Feſtungen ſollen
5066 6992 6270 7087 bündeten beſetzt werden; daß in allen Grenz⸗Departe⸗
5067 7048 6275 7146 ments gegen Deutſchland und Italien Militär⸗Colonien
5067 7109 6275 7204 angelegt werden ſollen, wie die, welche Oeſterreich an der
5066 7170 6275 7265 türkiſchen Grenze eingerichtet hat. Ich würde weiter vor⸗
5067 7215 6274 7320 ſchlagen, daß die nämlichen Croaten und Slavonier
5066 7276 6273 7378 dahin gebracht werden und die betreffenden Grenzen im
5067 7325 6278 7438 Beſitze der Fürſten dieſer Anſiedler bleiben ſollen, daß
878 5863 2209 5923 und den Schläger in der Hand, trugen das poetiſche
898 7817 2219 7877 und damit ſofort großartig bewieſen. — Ich habe damit
882 5920 2209 5977 Element hinein. — Die Feſtrede des Profeſſor Cuno
880 5976 2210 6043 Fiſcher in der Univerſitätskirche war gewiß ſehr gehalt⸗
881 6034 2211 6095 voll, aber ſie wurde leider auf unſerm Feſtplatze hinter
882 6094 2209 6150 dem Redner nicht allgemein verſtanden; auch dauerte
882 6150 2208 6214 dieſer Theil der Feier wol etwas zu lange, gegen zwei
884 6209 2210 6267 Stunden. Unterdeſſen hatten ſich die Innungen und
884 6264 2211 6327 das uniſormirte Schützencorps auf dem Markte aufgeſtellt
884 6325 2209 6384 und verſtärkten nun den Zug nach der ſogenannten
888 6382 2210 6439 Sternwarte, Schiller’s altem Garten, auf welchem claſ⸗
887 6439 2211 6500 ſiſchen Boden dann eine Coloſſalbüſte von ihm in bron⸗
887 6496 2205 6555 cirtem Eiſenguß, von den Jungfrauen Jenas gewidmet,
900 7878 1438 7938 meine Feier geſchloſſen.
888 6554 2210 6611 mit Reden und Geſang eingeweiht wurde. Der Tag
888 6611 2215 6667 war damit ſchon weit vorgerückt und die Feſttafel auf
888 6670 2210 6730 der Roſe begann ſtatt um 2 erſt um 3½ Uhr und zog
886 6728 2212 6791 ſich demnach tief in den Abend hinein. Den erſten Toaſt
887 6783 2211 6842 brachte der Prorector dem Großherzoge, als dem würdi⸗
889 6842 2210 6908 gen Nachfolger von Karl Auguſt, und dieſer Toaſt wurde
887 6899 2212 6960 mit aufrichtiger Begeiſterung auſgenommen. Der zweite
890 6955 2210 7022 galt natürlich Schiller, wobei der ſilberne Ehrenbecher,
890 7013 2212 7073 den die Schweiz der Univerſität nach ihrem Jubiläo ver⸗
893 7070 2212 7134 ehrt hat, eingeweiht wurde. Den zweiten Trunk daraus
892 7128 2212 7191 weihte Oettling dem deutſchen Doppeladler Schiller und
894 7185 2213 7244 Goethe, den dritten Schluder den deutſchen Frauen ꝛc.
894 7241 2213 7304 Man verſaß darüber beinahe die Zeit (von 6—7 Uhr),
894 7301 2215 7361 wo an den Kernbergen Schiller’s Name in Flammen⸗
894 7357 2215 7429 ſchriſt prangte. Das war großartig. Links über We⸗
892 7416 2213 7480 nigenjena, in deſſen Kirchlein Schiller getraut worden iſt,
895 7474 2215 7530 ein S und darunter die Ziffer 100, und rechts, von Jena
895 7530 2216 7595 geſtiftet, Schiller’s voller Name. Man ſagte, das S ſei
897 7588 2214 7642 116 Ellen hoch, aus lodernden Pechkränzen hergeſtellt.
897 7646 2216 7709 Dazu das Geläute aller Glocken und ein begeiſtertes Volk!
895 7703 2217 7760 — Solche Feier iſt wol noch keinem Dichter wieder⸗
896 7760 2218 7823 fahren und Deutſchland hat wenigſtens hierin ſich einig
2360 5863 3605 5920 X Kaſſel, 12. November. Wenn rings um uns her
2276 5920 3605 5980 Deutſchlands großer Tag, die Feier des hundertjährigen
2275 7133 3441 7187 Klage auf uns anwendend, konnten wir ſprechen:
2276 5978 3606 6035 Geburtsfeſtes Friedrich Schiller’s durch öffentliche Kund⸗
2274 6036 3603 6093 gebungen und in einer Einmüthigkeit begangen wurde,
2274 6093 3603 6150 wie ſie die deutſche Nation noch nie geſehen: ſo war es
2274 6151 3603 6210 hier bei uns um ſo ſtiller; aber es war eine feſttägliche
2275 6207 3601 6266 Stille, wie ſie etwa während des Gottesdienſtes ſtatt hat.
2273 6266 3603 6322 Man ſah nichts von jener ſtädtiſchen Geſchäftigkeit, und
2273 6324 3602 6382 gar mancher Meiſter hatte in ſeiner Werkſtätte Feierabend
2273 6381 3596 6438 geboten. Ein Jeder fühlte es mit, daß draußen die
2274 6440 3604 6498 ganze deutſche Nation an dieſem Tage ſich klar gewor⸗
2273 6497 3603 6553 den, durch einen einmüthigen Act einen Beweis ihres na⸗
2273 6556 3601 6610 tionalen Daſeins geben zu wollen. Und als wir Abends
2274 6612 3601 6671 gar in der äußerſten Ferne, jenſeits der Grenzen unſeres
2274 6672 3601 6730 engeren Vaterlandes, auf den hervorragendſten Bergſpitzen
2274 6728 3602 6786 die Feuerzeichen gewahrten: da ſchlug das Herz wol freu⸗
2274 6785 3602 6846 dig, aber auch beklommen: in den Jubel, der dort herrſchte,
2273 6844 3603 6897 konnten und durften wir nicht einſtimmen, nicht laut un⸗
2275 6902 3602 6955 ſere Stimmen erheben, damit kein Miston die hehre Va⸗
2273 6959 3603 7015 terlandsfeier ſtöre. Aber eingedenk ſein mußten wir der
2275 7017 3602 7074 Klage eines anderen großen Sängers, der vor drittehalb
2274 7074 3604 7134 Jahrtauſenden in die Saiten griff, und ſeine elegiſche
2413 7210 3383 7256 An der Fulde Strand da ſaßen wir und weinten,
2416 7387 3317 7442 Ach, fordert nicht, daß wir Jubellieder ſingen!
2413 7271 3209 7316 Ueberdachten unſeres guten Rechtes Fall;
2415 7330 3414 7374 Unſere Harfen hingen wir dort an Weidenſträuchen,
2274 7766 2395 7801 innert.
2346 7530 3606 7580 * Schiller, als er ſchon einen hochgefeierten Namen trug, gab
2278 7575 3608 7623 während ſeines Aufenthalts in Ludwigsburg im Jahre 1793/94, wo
2278 7622 3606 7668 ihm ſein älteſter Sohn geboren wurde, mehre Male Unterricht in der
2277 7668 3607 7718 dortigen Lateinſchule, um ſeinem früheren Lehrer Erleichterung zu
2279 7715 3606 7760 gewähren. Bei der Jubelfeier in Ludwigsburg wurde daran er⸗
