6130 8360
1557 294 1927 341 Span. 40½. Mexr.
802 2960 1136 3006 dende gehandelt.
3328 319 3387 334 O 9
3331 1186 3594 1221 32 a — Gr.
616 290 3295 335 • H & S e taats⸗A AKtthe
610 291 3265 365 London, 7. Jan. Conſols 91¾. 1proc. Berlin, 7. Jan. (Staatspapiere.) Pr. Staats⸗Anleil
608 304 3191 405 21. Sard. 81½. A i pro Ruſſen 92. 5proc. do. 104. 1859 105 bz. do. 1850// 100 ½ bz. do. 1356 100½ bz.
607 383 3244 488 Zliüſſe ſehr flau. 1853 96 G. Staats⸗Schuldſch. b G. ſähes i g a
749 431 3294 495 ie Bank von England hat den Disconto von G auf 7. pCt. bz. Oeſterr. Nat.⸗Anl. 48 a 48½¼ bz. uſſiſch⸗Stiegl. 6. Anl.
608 431 3293 533 beide e i G 98¾ G. Engl. Anl. 101¼ G. Deſſauer Präm.⸗Anl. 92¼ bz.
606 514 3292 588 711 (UGank⸗Actien.) Braunſchw. Bk. 64 etw. G. Hamb. Nordd.
1979 576 3293 635 Bk. 77 G. do. Vereins⸗Bk. 97½ G. Hannov. Bk. 90¾ B.
610 604 3290 715 . V Cours-Bericht Bremer ôör. H G. Brut Ör S e b 6. 4. S in
659 672 3245 718 G Fai b 8 E d-½, 57 G. eſſauer do. 9¾ a z. u. B. Oeſterr. do. 4
634 680 3291 811 des vereidigten M L e i h 6 , W Hebt 50¾ a 51 bz. u. B. Disc.⸗Comm.⸗Anth. 79½ bz. ziuze •
1281 750 3291 811 AnnOVer, J, uuz c : Actien.) Cöln⸗Mindener 122½ B. Coſel⸗Oderb. (Wilhb.) 32¼½
607 787 3288 904 Nr K Sr O e wie GCli V. See u i a Itastb, Leôls 66. Mr ⅜ ☛ ⅜
605 840 3289 904 Actien-Gesellschaften. 18581859 F. gationen.) Cöln⸗Mindener 2 B. do. 2. Emiſſ. 4 bz.
845 901 3288 960 he Bankacti 5⁹⅞₁ 5 4 91 90½/ do. 4. Emiſſ. 81¾ bz. Oeſterr. Franz. 244 bz. (Gold und
608 913 3290 1005 A holen Dr n 4b f A- p St L• / b Papiergeld.) Louisd’or 109 bz. Fr. Bkn. m. R. 99⅝⅜ bz.
642 974 2238 1020 iedersächs. Tt.- . A. DP. . G
702 1006 3289 1100 J ₂ ⁄ Aerrb- : M 5 4 § T Die Börſe war heute in etwas flauerer Haltung; in öſterrei⸗
607 1051 3289 1147 Haen Bedrun pindge r Keb. 105 55.38 — 'Hiſchen Sachen wurde Einiges gehandelt; preuß. Fonds und Prio⸗
607 1097 3289 1199 A ÖKi R ebber e Aibren d • 5 26 — ritäten waren angenehm; Eiſenbahnen blieben im Ganzen feſt
642 1163 2151 1228 ⅚½ ,— 4•— •✽₉ —V. 2ã⁄ . aber ſtill.
606 1189 2496 1257 Deister-Bergw.-Ges. . . . . .. . . . • 5 5 5¹ 40 — M
607 1235 1859 1288 Hannov. Eisengiesserei . . . . . . . . 5 5¹ 5590 g
608 1280 2774 1342 Zuckerfabrik Neuwerk . . . . . . . . 102 ½⅓ 6⁄⁄ 5 — Banmwolle.
603 1332 3287 1415 RLinbecker Zucker Fabr. . . . . . . . A b 40 • Liverpool, 7. Janugr. (Per Telegraph.) 10000 Ball. Umſatz.
604 1379 2985 1460 A der üttar Abt H• K i 2. G K 45 Preiſe gegen vorgeſtern unverändert. 1t
642 1432 2004 1469 do. O. O. lt. „ „ — — — V
952 1464 2748 1525 Mt t Getreide.
901 1495 3286 1580 A(antzbahlere. 11 Berlin, 7. Jan. Weizen loco 73 a 85 Thlr. pr. 2100 Pfd.,
791 1600 3287 1691 do. 9OH 46. à 200 u. 100 . .. . 993 99 3/ Thlr. pr. 2100 Pfd. Roggen loco 50½ a 51 Thlr. nach Qualität
606 1646 3321 1745 4proc. do. do. in Gold G 1009 8 u ₂ 90₆₂ pr. 2000pfd. bez., Januar 50¼ a ½ Thlr. bez., 70₂⅜ Br., 50½ G.,
606 1687 3286 1812 S 8 8 . Cäas u. ⁷ •• . 3. 65½ Ö a 36G Döb b ⁄ S d e ſ* 3 ⅜ Fl ire
658 1749 3284 1815 2proc. O. O. in L . . . „. „ „. . „ . . . . — Mär 50 2 a 2 r. ez., rü ja r a 4. a 4 h . be .
604 1774 3284 1903 Nr Kat Ö In 4. Obl. in Kour. . .. • 100 Br. ⁄ G., a f 50⅓ 4, Pſp. A bei Gaſt; A rit
657 1839 3283 1916 wroc. Landes Lrecit-Anzr. •DI in Kour. . . kleine, 42 a 47 Thlr. pr. Pfd. Kafer loco 26 a 29 Thlr.,
605 1869 3282 1961 3½proc. do. do. in Gold . . . . . 8• 99⅙ Lieferung pr. Januar 27 t⅓ Thlr. bez., Ftühjahr 28 Thlr. bez. u. Br.,
583 1917 3283 2006 4proc. Bückeburger Oblig. à 1000 u. 500 ₂ . . . . 10 b — 27¾ G., Mai/Juni 28 ¼ Thlr. Br., 28 G., Juni/ Juli 29 Thlr.
836 1962 2988 2041 do. 4. à 100 Hl. . . . . . . .. 100¾ — Br. Erbſen, Koch⸗ u. Futterwaare 48 a 58 Thlr.
851 2025 3285 2139 Prioritäts-Actien. Rüböl loco 11½ Thlr. von flüſſiges d p 2 Zendr
660 2080 3281 2144 r 3 .Spinner.- u. Weber.-Prior. . . — 102 und Januar/Februar 115₁2 a 1½/ Thlr. bez., 1½ Br., 11¾⁄₂ G.,
603 2084 3280 2191 führe Wo gen d A Hr en H. V. . — ſtr Febr./März 11⁷/2 Thlr. Br., 11½ G., April/Mai 11 e ✽ Thlr.
602 2156 3278 2244 Sproc. Prior. der Ilseder Hütte, neg. dureh die bez. u. Br., 11 G., Mai/ Juni 11¾ a ⅝ Thlr. bez., Br. u. G.
755 2216 2641 2273 ininz redi A . . . . . . . . ſ — cELeinöl loco und Lieferung 11 Thlr.
695 2219 3278 2309 Meiuinger Creditbank . . 2 . öl lo t 8. b
942 2265 3255 2324 Geldsorten. Srichtus loco ohne Faß 20 a ¼ Thlr. bez., Januar un
947 2310 3279 2375 bt 1⁄✽ . 3½ Januar/Februar 20⅜ a 7⁄₁₂ Thlr. bez. u. Br., 20½ G., Febr.⸗
599 2335 3280 2419 Kronen à 8 Thlr. 12 Ngr. Gold . . . . . . . . „ . 9. 4 4₄ 2. ½ März 20½ a ¾ Thlr. bez. 14. Br., 20⅜₀ G., April/Mai 20⅓⅙
599 2387 3278 2498 S L üche, „. . . . . . . . . . . . . . . . . . . ₂ — 3 8• A 21½ Thlr. bez., Dr. 6 ⁷ ⁄₁ M Je b Au we6b Thlr. bez., Br.
624 2430 2946 2505 overeigns . . . • . . . . . „ „. „ „ M „ ,1 7 „1, „„ ₂ — .• u. G., Juni/Juli 21 ₂₀ hlr. ez. u. ., 2 3 .
597 2474 3278 2559 L euisdo,r . . . e   109¼ 4 Weizen höher gehalten. Roggen loco in feiner Waare ferner ge⸗
600 2522 3279 2607 Ausl. Scheine nicht unter 10 Thlr. pr. Stiück. . — , 4 fragt und etwas über Terminpreis zu laſſen, Termine ſetzten matt
622 2570 3270 2654 do. 4o. unter 10 Thlr. pr. SJtitiel — S ein heſſerten ſich im Verlaufe eines mäßigen Geſchäfts und ſchließen
621 2616 3277 2689 do. do. (einl. in Leipzig) . . . . . . . . — a90¾ ſehr feſt. Rüböl in feſter Haltung, aber wenig verändert. Spiritus
1968 2688 3025 2733 verkehrte in ſteigender Richtung und lebhaftem Verkehr.
595 2708 3273 2825 Bank-Disconto 5 pOt. Lombard G pCt. MWagdes unb, 7. Janlüar. Weizen 72 a 77 Thlr. Kegerd
1239 2774 3289 2820 1 ächsi 1 t Th 26 a 27 Thlr.
641 2773 3082 2840 OLiz: Hannoversche und Niedersächsische Bankactien, Han- 49 a., 51 Thlr. Gerſte 4² a 46 Thlr. Hafer G
597 2778 3280 2888 N noversche Baumw.-Spinnerei- u. Weberei⸗-, Mechanische Kartoffelſpiritus, 8000 ⅞ Tr. loco ohne Faß, 20 ⅓ Thlr. ⅜
802 2869 3271 2933 Weberei-, Deister Bergwerks- u. Ilseder Hütten-Actien Ham du . 7. Januar. Ver iiegraph.) Weizen loco feſt,
802 2915 3272 2967 Lit. A. und B. werden vom 1. Januar ab excl. Divi- Lieferung höher bezahlt, ab Auswärts höchſte letzte Preiſe bezahlt,
1960 2964 2196 3009 jedoch ruhig.
2269 2966 3272 3013 Roggen loco feſt, ab Königsbergpro Frühjahr zu
3414 293 4669 350 gehalten, 814½ geboken. Oel pro Januar 25¾, pro Frühjahr
3415 338 4613 398 Kaffee ruhig wegen ſchwacher Vorräthe. Zink ſtille. M
3452 388 4667 443 Amſterdam, 7. Januar. (Per Telegraph.) Weizen ſiille.
3343 433 4667 488 Roggen preishaltend, Termine 2 fl. niedriger. Rapps pro April
3344 477 4608 540 und September 76. Rüböl pro Mai 4¹⁷₄, pro Herbſt 42⅝.
3411 531 4665 578 * London, 7. Janugr. (Per Telegraph.) Engliſcher Weizen
3341 575 4665 638 wurde nur vereinzelt zu 1 Shill. höher verkauft, für fremden wurden
3344 623 4587 687 äußerſte Montagspreiſe bezahlt, Hafer feſt und ½ Shill. höher.
3412 668 4665 723 Nordhauſen, 5. Jan. Weizen 2 Thlec. 12½ Sgr. bis 3 Tblr.
3340 715 4663 776 2½ Sgr. Roggen 1 Thlr. 25 Sgr. bis 2 Thlr. 3 Sgr. Gerſte Thlr.
3340 764 4664 828 20 Sgr. bis 1 Thlr. 27½ Sgr. Hafer 25 Sgr. bis 1 Thlr. 2½ Sgr.
3341 812 4663 859 Erbſen 1 Thlr. 25 Sgr. bis 2 Thlr. 5 Sgr. Linſen 2 Thlr. bis
3339 859 4664 908 2 Thlr. 15 Sgr. Feldbohnen 1 Thlr. 20 Sgr. bis 1 Thlr. 25 Sgr.
3339 905 4662 954 Kochbohnen pr. Ctr. 3⅓ Thlr. bis 3⅓ Thlr. Kartoffeln 18 Sgr.
3341 947 4660 1000 Rüböl pr. Ctr. 13 Thlr. Leinöl pr. Ctr. 12½ Thlr. Rübekuchen
3339 999 4661 1048 pr. Schock 1⁄₁₂ Thlr. Leinkuchen pr. Sch. 2¼ Thlr. Heu pr. Ctr.
3339 1046 4661 1096 22½ bis 25 Sgr. Stroh pr. Schock (1200 Pfd.) 5 bis 5½ Thlr.
3342 1094 4163 1132 Branntewein pr. 180 Quart 31 bis 32 Thlr.
3409 1140 4657 1191 Hildesheim, 5. Januar. Weizen 53 a — Gr. Roggen
3692 1181 4659 1237 Gerſte 332 a — Gr. Hafer 17¾o a —
3482 1232 4658 1282 Erbſen — a — Gr. Linſen — a — Gr. Bohnen 35
3339 1275 4660 1333 a — Gr. Wicken — a — Gr. Roggenſtroh a Schock — a
3569 1325 4659 1375 Bohnenſtroh a Schock — a — Gr. Heu a Centner
3338 1372 4657 1417 — a — Gr. Kartoffeln a Himmten — a — Gr. Steckrüben
3338 1414 4659 1468 a Sch. — a — Gr. Weißer Kohl a Sch. — a — Gr. Hühner
3337 1464 4658 1515 alte, a Stück — a — Gr. do. junge a Stück — a — Gr.
3338 1510 4656 1562 Eier a Sch. — a — Gr. Butter a Pfd. 7 a 9 Gr. Flachs
3339 1557 3961 1610 a Pfd. — a — Gr. t
3863 1619 4138 1665 Schifffahrt.
3403 1674 4653 1726 Hamburg, 7. Jan. Laut hier eingetroffener tetegraphiſcher
3336 1720 4653 1771 Depeſche hat das Hambuarg⸗Newyorker Poſt⸗Dampfſchiff Teutonia,
3336 1767 4650 1820 Capt. Taube, welches am 3. Jan. von Hamburg abgegangen und
3335 1813 4652 1865 am 4. Jan. in Southampton angekommen war, nachdem es daſelbſt
3334 1859 4648 1911 noch eine bedeutende Anzahl Paſſagiere und Güter, ſo wie auch
3334 1905 4650 1958 70,000 Pf. St. an Contanten übergensmmen, heute am 7. d., Mor⸗
3334 1953 4271 2005 gens 10 Uhr, die Reiſe nach Newyork fortgeſetzt.
3345 304 3385 320 83
3344 351 3398 380 206.
3403 1998 4664 2051 Das Hamburg⸗Newyorker Poſtdampfſchiff Boruſſia, Capt. Traut⸗
3334 2046 4646 2101 mann, welches am 1. Dec. von hier und am 4. Dec. von South⸗
3331 2092 4645 2144 ampton abgegangen, iſt laut telegraphiſcher Mittheilung nach einer
3330 2136 4648 2193 Reiſe von 15. Tagen am 20. Dec. wohlbehalten in Newyork ange⸗
3329 2183 4645 2234 kommen. Die Boruſſia ſollte Newyork am 2. Jan. wieder ver⸗
3333 2223 4600 2282 laſſen. (B.⸗H.)
3398 2275 4645 2326 Hamburg, 7. Jan., Vorm. Eisſtand unverändert; das Eis
3327 2320 4646 2366 fortwährend an Stärke zunehmend. Die Elbe wird bis Altona mit
3328 2367 4646 2420 Schlitten befahren. Der Froſt ſtieg dieſe Nacht bis 19 Grad; heute
3330 2415 4644 2464 Morgens noch 17 Grad. — Brunshauſen, 7. Jan., Vorm.
3328 2460 4640 2510 Der Eingang hat hier ſeit geſtern merklich zugenommen und treiben
3328 2505 4640 2566 die Eismaſſen nur noch langſam im Strome auf und ab. — Cux⸗
3324 2551 4639 2604 haven, 7. Jan., Vorm. Die Elbe iſt hier dicht voll von ſchwerem
3326 2599 4636 2653 Treibeiſe; kein klares Waſſer von hier aus wahrzunehmen. (B.⸗H.)
3397 2646 4638 2698 Bremen, 7. Jan. Im Eisſtande der Unterweſer hat ſich we⸗
3326 2687 4638 2750 nig geändert. Aus Bremerhaven meldet man 8½ Uhr Mor⸗
3326 2739 4676 2793 gens: „Ueberall voll Treibeis. — Aus Fedderwarderſiel:
3325 2781 4638 2845 Alles voll Treibeis. — Vom Leuchtthurm 8 Uhr Morgens:
3325 2831 4639 2880 Wind O.⸗S.⸗O. ſchwach: Nebel und Schnee, Kälte 8 Grad. So
3325 2876 4000 2920 weit zu ſehen überall voll Treibeis.
3392 2923 4639 2982 Dover, 3. Jan. Die Namen der beiden in Folkſtone gelande⸗
3323 2969 4640 3026 ten Perſonen der Beſatzung des verunglückten Schiffes Gutenberg
4607 3051 4689 3070 ☛☛
4718 289 6044 354 (m. ſ. Art. Deal) ſind: Carl Wohlmann (2 Woltmann, aus Fink⸗
4719 340 6049 397 wärder, Zimmermann) und Joh. Jürgen Chriſtenſen (Matroſe, aus
4716 388 6051 445 Harbye). Die beiden Genannten wurden kaum noch lebend von
4718 435 6048 490 einem Iloſſe geborgen, auf welchem ſie der Küſte zutrieben, ſind aber
4718 483 6048 547 durch zweckmäßige Pflege wieder hergeſtellt und mit den übrigen
4718 531 6051 584 Geretteten über London nach Hamburg abgefeist. Die Namen der
4719 576 6047 638 letzteren ſind: Edw. Asmy, zweiter Steuermann, Geo. Eſter, Gerh.
4716 624 5803 672 Olde, Heinr. Lühmann und Aug. Claeſſen, Matroſen.
4716 670 6041 731 Capitän und dem Reſt der Mannſchaft, wie auch von den Paſſa⸗
4716 720 6048 775 gieren (10 oder 11 an der Zahl) iſt man leider bis jetzt noch ohne
4706 766 4891 808 Nachricht.
4785 808 6045 868 Berwick, 3. Jan. Das kleine hannoverſche Schiff, welches am
4716 860 6045 910 1. Jan. bei Beadnell, Kiel oben, gefunden wurde, iſt die Cinng.
4714 906 5462 954 Man hat die Schiffspapiere gefunden.
4783 956 6047 1004 — 3. Jan. Das am 1. d. bei Beadnell, wie gemeldet, mit dem
4712 1001 6042 1052 Kiel nach oben auf den Strand getriebene Fahrzeug iſt die Cinna
4712 1045 6049 1108 (hannöv.) Die Kleidungsſtücke zweier Matroſen und die Schiffs pa⸗
4712 1095 5766 1142 piere ſind gefunden. G
4781 1143 6046 1195 — 4. Jan. Der Rumpf der am 1. d. bei Beadnell gekentert
4712 1191 6045 1241 angetriebenen „Ciuna“, Wendler, von Hartlepool nach Hannover mit
4710 1238 6045 1293 Kohlen, iſt zertrümmert. Die Mannſchaft iſt, wie man vermuthet,
4711 1286 5852 1321 leider ertrunken. b t
4780 1331 6047 1389 Deal, 3. Jan. Aus dem Wrack des Schiffes Gutenberg
4709 1376 6042 1431 ſind geborgen (theils ans Ufer getrieben, theils aufgefiſcht): Circa
4708 1425 6036 1481 5 Ballen Baumwolle (loſe), 64 Ballen do., 79 Faß Schuhpflöcke,
4709 1472 5806 1525 56 Faß Harz, 20 do. (ramponirt) und 5013 Stäbe.
4780 1520 6047 1573 * London, 7. Januar. (Per Telegraph.) Die Dampfer
4709 1565 6040 1620 Europa, Newyork, North Briton udd Vigo ſind aus Newyork ein⸗
4707 1612 4874 1656 getroffen.
4956 1662 5525 1709 t Waſſerſtand.
4777 1707 6034 1755 Magdeburg, 7. Januar. Waſſerſtand der Elbe: Am alten
4707 1750 6034 1805 Pegel 26 Zoll unter O, am neuen Pegel 4 Fuß 11 Zoll. Eisſtand.
4775 1800 6043 1850 Halte. Waſſerſtand der Saale: Am 4 Jan., Abends am Unter⸗
4704 1847 6039 1903 pegel 6F. 03.; am 5 Jan., Morgens am Unterpegel 6 F. 0 Z.
4704 1891 4874 1932 Eisſtand.
4787 2006 5947 2081 (Nach der „N. H. Z.“ Nr. 7 u. 8 v. 5. u. 6. Jan.)
4803 2104 5922 2164 Bekanntmachungen der Verwaltungsbehörden.
4699 2160 6036 2221 Amt Springe. Dem Vollm. Meyer zu Rohrſen ſind nach Johannis
4745 2206 5824 2261 v. J. 2 weiße einjährige geſchorne Hammel zugelaufen.
4701 2247 5973 2308 Berg⸗ und Forſtamt Klausthal. Lieferung von 600 Ctr. Rüböl.
4700 2295 6033 2355 Donnerstag, 31. Jan., 11 Uhr, auf der Amtſtube zu Beverſtedt.
4746 2341 5401 2390 Expropriation zu Weſterbeverſtedt.
4698 2387 6033 2448 Donnerstag, 24. Jan., 11 Uhr, daſelbſt. Expropriation zu Freſch⸗
4743 2436 4917 2480 luneburg.
4964 2518 5759 2567 Bekanntmachungen der Gerichte.
4694 2562 6028 2621 Amtsger. Hannover III. Die Landes⸗Obl. Lit. G. I. Nr. 15,881
4740 2610 6031 2669 u. 18,657, jede über 500 Thlr. Cour. lautend, find nebſt Cou⸗
4738 2657 5503 2706 pons und Talons für ungültig erklärt.
4693 2702 5710 2756 v. Idenſen’s erid. Gaxtenweſen zu Hannover,
4739 2747 5296 2793 Oeff. Verkauf, 3. Termin.
4737 2794 5102 2837 11. Jan., 12 Uhr.
4693 2836 6030 2910 Butt’s 2 crid. Stellen zu Buſchhauſen. Oeff. Verkauf. Amtsger.
4737 2887 5869 2945 Oſterholz, Bez. Scharmbeck. Mittwoch, G. Febr. 10 Uhr.
4692 2932 6029 3001 Janſſen’s Immobile zu Aurich, Oſterſtr. Gerichtl. Verkauf.
4739 2980 5755 3043 Amtsger. Aurich I. Dienstag, 26. Febr. 12 Uhr.
5763 2719 6032 2767 gr. Barlinge.
5348 2758 6027 2819 Amtsger. Hannover IV. Freitag,
5208 3058 5286 3075 Q☛Q☛
646 3107 1456 3283 Anuzeigen.
637 3330 1454 3373 Der Oekonom Chriſtian Garbe aus
590 3376 1454 3431 Hannover hat laut Kaufcontracts vom
589 3423 1454 3467 4. Auguſt 1860 von der Witwe des weilvnd
589 3469 1455 3513 Oekonomen Au guſt Frobiet, genannt
590 3514 1453 3559 Sandau, Louiſe, geborne Meyer in
590 3560 1453 3605 Steincke, als Vormünderin ihrer Kinder,
589 3603 1454 3665 deren Pollmeierhof Nr. 3 zu Borſtel nebſt
590 3652 1452 3697 allen Zubehörungen an Gebäuden und Län⸗
587 3699 1452 3744 dereien, Rechten und Gerechtigkeiten gekauft
557 3744 1450 3796 und um Erlaſſung einer Edictalladung zur
586 3791 1450 3838 Sicherung gegen etwaige dingliche Rechte
587 3837 1379 3880 Dritter gebeten. M M b
634 3882 1449 3928 Es werden, dieſem Geſuche ſtattgebend,
558 3929 1452 3984 daher Alle, welche an diſen Vollmeierhof
586 3976 1447 4031 Nr. 3 zu Borſtel nebſt Zubehäörungen
587 4017 1449 4081 Eigenthums⸗, Näher⸗, lehnrechtliche, fideicom⸗
584 4067 1448 4112 miſſariſche, Pfand⸗ und andere dingliche
583 4110 1446 4172 Rechte, insbeſondere auch Servituten und
583 4160 1446 4205 Realberechtigungen geltend machen können,
583 4206 1444 4250 hiedurch aufgefordert, ſolche Nechte in dem,
583 4252 1439 4297 zu dieſem Zwecke auf t
606 4290 1421 4357 Mittwoch, den 20. Februar d. J.,
583 4343 1443 4390 Morgens 10 Uhr, auf hieſiger Königlichen
580 4391 1442 4438 Gerichtsſtube anberaumten Termine anzumel⸗
587 4430 1443 4485 den und zu beſcheinigen, widrigenfalls ſolche
581 4482 1442 4526 Rechte als gegen den neuen Erwerber ꝛc.
582 4528 1353 4571 Garbe erloſchen erkannt werden ſollen.
607 4574 1441 4620 Ausgenommen von dieſer Anmeldungspflicht
579 4621 1441 4664 iſt der Einwohner Niemeyer in Bevenſen
578 4666 1443 4712 wegen ſeiner rückſtändigen Kaufgelder ad
577 4713 1441 4757 3000 Thlr. Gold und die allergnädigſte Herr⸗
576 4758 1407 4814 ſchaft wegen ihrer gutsherrlichen Rechte. t
627 4804 1440 4854 Der Ausſchlußbeſcheid erfolgt nur an hie⸗
576 4849 924 4896 ſiger Gerichtstafel.
624 4897 1408 4940 Neuſtadt a. R., den 2. Januar 1861.
576 4943 1439 5021 Königlich Hannov. Amtsgericht.
621 5023 1176 5080 b Abtheilung II.
602 5078 1194 5126 G Chappuzeau.
600 5164 1304 5236 BVerkaufs Anzeige.
608 5244 1441 5290 ☛ Meine dicht vor Otterndorf
802 5289 1438 5333  (Land Hadeln), hart an der
800 5334 1437 5379 K Chauſſee belegene, ſtark fre⸗
805 5379 1438 5430 s auentirte, im beſten Zuſtande
570 5421 1436 5472 ſich beſindende Kornwindmühle mit drei
572 5469 1435 5518 Gängen, einem Weizen⸗, Roggen⸗ und einen
573 5515 792 5560 Schellgang;
617 5561 1434 5610 ferner ein Wohnhaus, Scheune, Obſt⸗ und
571 5606 1434 5652 Gemüſegarten nebſt Brunnen und wenn es
570 5654 1432 5703 gewünſcht wird, einen Hadler Morgen beſten
569 5700 1431 5750 Ackerlandes, bin ich Willens, wenn irgend
570 5746 1432 5797 annehmlich geboten wird, in einem einzigen
568 5790 855 5836 Termine am
785 5839 1214 5884 16. Jannar 1861
569 5882 1430 5934 im Hauſe des Gaſtwirths Schlichting
568 5928 1431 5980 hierſelbſt an den Meiſtbietenden zu verkaufen.
616 5976 1298 6018 Otterndorf, im December 1860.
645 6021 1429 6073 Müller Hinrich Steffens.
568 6110 1420 6240 Gas⸗Erleuchtungs Anſtalt.
566 6252 1427 6326 Herabſetzung des Preiſes
711 6325 1185 6383 von Coaks.
625 6388 1423 6447 Ausgezeichneter, von den beſten
567 6447 1424 6504 weſtfäliſchen Kohlen bereiteter Coaks
564 6503 1423 6568 iſt von 5 Ngr. auf 4 Ngr. pro Bal⸗
564 6561 1422 6626 gen herabgeſetzt. Die Zuſendung ge⸗
562 6618 1417 6683 ſchieht für die Stadt bei Fudern frei
561 6676 822 6729 vols Haus.
622 6734 1421 6795 Beſtellungen können auf den Comp⸗
562 6790 1418 6850 toiren der Anſtalt in der Glockſee und
561 6847 1420 6913 Gr. Egidienſtraße № 21 gemacht
559 6909 728 6947 werden.
563 7000 1419 7046 ☛ Ein Material⸗ und Colo⸗
564 7045 1416 7099 nial⸗Geſchäft wird zu kaufen
557 7092 1415 7144 oder zu pachten geſucht. Schrifiliche Offerten
555 7135 1416 7183 bittet man franco unter N. N. in der
556 7181 1262 7235 Expedition dieſer Zeitung abzugeben.
812 7265 1414 7316 Für ein Eiſen⸗, Holz⸗ und Co⸗
675 7306 1414 7363 Mt lonial⸗Waaren⸗Geſchäft im Hanno⸗
551 7355 1414 7411 verſchen wird ein mit der Buchführung und
551 7395 1412 7455 ſchriftlichen Arbeiten vertrauter, geſetzter und
551 7446 1413 7507 tüchtiger junger Mann als Geſchäftsfüh⸗
550 7494 1411 7543 rer geſucht. Offerten franco sub Lit. M. F.
548 7533 1412 7602 N№. 770 durch die Expedition d. Zeitung.
1138 7629 1411 7672 Für ein Band⸗
597 7620 1410 7724 (Eehrlingsſtelle.) dar * Bad
547 7713 1409 7763 ren⸗Geſchäft en gros & en détail in Bremen
548 7759 1409 7815 wird auf Oſtern ein junger Mann als Lehr⸗
545 7804 1408 7862 ling geſucht, der mit guten Schulkenntniſſen
547 7852 1410 7900 ausgerüſtet iſt. Franco⸗Offerten unter Lit.
548 7894 1408 7957 B. №. 54 nimmt die Expedition dieſer
542 7942 1126 7992 Zeitung entgegen. b
1420 7863 1442 8002 d
2219 3090 3271 3135 Dieſe rühmlichſt bekannten ächten — Rheini-
1673 3120 3271 3193 Rheiniſche schen Brust-Caramellen — haben ſich
2125 3184 3272 3232 durch ihre vorzüglich lindernde und beſänftigende
1563 3184 3276 3279 Druſt-Caramellen Wirkung bei allen Conſumenten ungewöhnlichen Ruf
1523 3273 3271 3335 n. d. Compoſition d. K. Prof.“ und Empfehlung erworben, und ſo wie dieſe Bruſtzelt⸗
1542 3319 3271 3370 Dr. Albers zu Bonn. chen bei Allen, die ſie kennen, zum unentbehrlichen
2118 3369 3269 3428 Hausmittel werden, bieten ſie zugleich dem Geſunden
1504 3409 3270 3480 einen angenehmen Genuß. — Alleinverkauf in verſiegelten roſarothen Düten
1503 3457 3273 3509 à 5 Sgr., auf deren Vorderſeite ſich die bildliche Darſtellung „Vater Rhein und die
1503 3502 2563 3551 Moſel“ befindet, nach wie vor ausſchließlich bei
1911 3551 3140 3644 J. E. A. Telgmann, Schmiedeſtraße b 17.
1594 3662 3197 3830 Mappins. Cutlery and Dressing Cases.
1943 4407 2807 4464 Mappins' Guard BRazors
1537 4472 3217 4532 iſt eine ausgezeichnete Erfindung, um zu verhüten, daß man ſich beim Raſiren ſchneide.
1855 4516 2897 4580 Mit ſchwarzen Griffen 5½ Shill. — 1 Thlr. 25 Sgr.
1767 4612 2726 4667 Per Poſt verſandt für 8 Pence 66½ Sgr.) extra,
1645 4670 3112 4738 Mappins’ Toilette⸗Käſtchen und Toilette⸗Taſchen.
1628 4737 3257 4804 Gebr. Mapplins’ garantiren jeden Artikel in dieſem Zweige ihres Fabrikats
2834 4601 2850 4614 •
1490 4783 2665 4837 als von beſter Qualität und leichteſter und gefälligſter Form.
1647 4843 3134 4902 Mappins’ Herren⸗Toilette⸗Käſtchen 1 Guinea — 7 Thlr.
1797 4893 3092 4938 do. do. do. von Leder. 2 „ ⸗= 14 „
1797 4939 3091 4988 do. do. do. Taſchen 4 Pf. St. = 27 „
1878 4971 3175 5049 Letztere empfehlen ſich beſonders für ſtarken Gebrauch. G
1490 5032 3248 5138 Mappins’ lederne Toiletten⸗Käſtchen für Damen 1 f. St. 4 Sh. 69 6 Thlr
1626 5087 3089 5135 do „ ☛
2992 5151 3187 5183 1 — 28 G
1872 5089 2745 5139 do. mit Sammt gefuttert, mit Schloß . 2
1776 5126 2630 5198 Reiſe⸗Toiletten⸗Taſchen für Damen
1974 5216 2047 5224 —
2901 5104 2942 5133 12
2921 5150 2942 5180 4
2814 5117 3206 5145 11 721
1625 5109 1678 5164 do.
2694 5147 2749 5178 . 4
2822 5169 3205 5184 n. 1.1
1502 5635 1658 5679 S
1577 5869 3105 5934 Damen⸗Toilette⸗Taſchen, Damen⸗Toilette⸗Taſchen,
1479 5913 3240 5978 vollſtändig mit allem Nothwendigen für die vollſtändig mit Schreibzeug und Toilette⸗
1616 5962 3219 6038 Reiſe, 13 Pf. St. 85 Thlr. Gegenſtänden, 7 Pf. St. 18 Sh. — 550 Thlr.
1617 6032 3225 6093 Die Niederlage, 67 & 68, King William Street, London Bridge, iſt mit einer vor
1493 6075 3240 6141 üglichen Auswahl von Toilette⸗Käſtchen und Toilette⸗ Taſchen, dem Bedürfniß
1473 6085 3240 6190 Inau Klaſſe von Käufern entſprechend, ausgeſtattet. Illuſtrirte Kataloge werden auf Ver⸗
1474 6165 2913 6276 land dan e Poſt Aeg ſrh, Mahypin Brothers.,
1984 6266 3177 6337 67 & 68, King William Street, London Bridge.
2100 6328 3067 6377 Manufactory, Queen’s Cutlery Works, Shaffield.
1482 6468 3228 6531 d (Eingesandt.) Die englische oder die französische Sprache erlernt man ⁄
1528 6512 3221 6577 leicht und gründlieh durch die als vorzüglieh anerkannte brieflich
1488 6558 3179 6620 Lehrmethode der Herren D. H. Lehmann und L. Lehmann, Prof. de
1487 6604 3178 6662 lang. frang. et angl. Bücher und V’orkenntnisse sind zu diesem Unterricht nicht
1481 6652 3225 6721 erforderlich. — Der Cursus dauert 9 Monate. Das Honorar betrügt pro Woche
1485 6693 3177 6756 2½ Sgr. und wird für 3 Monate entrichtet. Jeder Theilnehmer erhäit wöchentlich
1479 6743 3221 6810 einen gedruckten Unterrichtsbrief, 16 Seiten gr. Octav-Format, franco zugesandt.
1491 6792 3176 6848 G Damit sich aber Jedermann von der Vortrefflichkeit dieser Lehrmethode
1481 6837 3175 6895 vorher überzeugen kann, so sind wir gern bereit, den ersten Unterrichts-
1526 6881 2904 6933 brief nach allen Orten gratis und franco zu übersenden. t
1640 6930 3221 6987 Meldungen etc. wolle man franco gelangen lassen an die 8
2059 6995 3222 7053 Selbstverlags-Expedition der Sprech- und Schreibschule 8
2219 7043 3218 7096 für englische und französische Sprache. G
2324 7091 2899 7136 Berlin, Alexandrinerstr. 108.
2420 7237 3230 7307 Ein junger Mann, dem die beſten Refe⸗
2373 7287 3227 7341 renzen zur Seite ſtehen, ſucht unter ſoliden
2373 7329 3228 7386 Anſprüchen ein Engagement in einem Manu⸗
2372 7374 3226 7443 factur⸗ oder Modewaarengeſchäfte. Adreſſen
2373 7422 3227 7481 mit J. S. 22 bezeichnet, befördert das
2372 7468 3226 7526 allgemeine Annoncen⸗Büreau von J.
2373 7512 3051 7581 Schöneberdg in Hamburg.
1527 7223 2256 7302 ☛ Ameige. ☚
1509 7303 2322 7357 In der hieſigen Synagogen⸗Gemeinde ſoll
1464 7350 2321 7400 die Stelle eines Lehrers, Vorbeters und
1464 7397 2321 7453 Schächters ſofort oder ſpäteſtens zu
1463 7443 2341 7492 Oſtern 1861 wieder beſent werden. — Der
1466 7490 2322 7551 Gehalt beträgt 200 Thlr. nebſt freier Woh⸗
1463 7539 2319 7585 nung, Kolzgerechtigkeit und nicht unbedeu⸗
1463 7582 2319 7634 tenden Nebenverdienſten. Reflectanten wollen
1461 7624 1977 7675 ſich baldigſt franco melden.
1506 7674 2319 7727 Adelebſen (Hannover), den 1. Jan. 1861.
1694 7722 2222 7776 S. S. PFiehenber-,
1594 7766 2277 7820 Vorſteher der Synagogen⸗Gemeinde.
2387 7645 3228 7704 Lehrern und Lehrerinnen, welche auf
2370 7691 3222 7753 Oſtern oder ſogleich ein vortheilhaftes Enga⸗
2370 7741 3223 7794 gement anzunehmen wünſchen, biete ich meine
2372 7784 3220 7840 Vermittelung an. Genaue Angabe der Be⸗
2369 7832 3217 7889 dingungen, Perſonalien, Leiſtungen und
1503 7869 2859 7926 Ein Barbiergehülfe, der gut barbieren Zeugniſſe ſind erforderlich.
1456 7910 3123 7980 kann, wird für die Stube auf ſogleich geſucht, E. Vollmer, Lehrer,
4240 3105 4515 3148 von England,
3718 3101 3796 3150 Die
4567 3110 4713 3143 9 Bde.
4757 3110 5108 3154 Klaſſ.⸗Form., nur
5876 632 6065 677 Von dem
3322 3178 4123 3246 billigste Buchhandlung der Welt
3291 4660 4166 4708 68 Sgr.!!! — Shakeſpeare’s ſämmtliche
4132 3188 4185 3221 !¹!
4131 3225 4185 3237 ₂
3347 3257 4161 3352 Die beſten Bücher, neu!
3312 3359 4184 3448 Zu Concurrenz -Spottpreiſen!!
3323 3450 4183 3504 ☛ Garantie für neu! complet!
3557 3499 3942 3548 fehlerfrei! ☚
3367 3555 4182 3603 Van der Velde’s ſämmtl. Werke, neueſte
3323 3597 4180 3656 Ausg., 8 Bde., Klaſſ.⸗Format, für den Spott⸗
3321 3649 4181 3700 preis von 45 Sgr.l!! — Maleriſche
3320 3693 4181 3742 Naturgeſchichte der 3 Reiche, über 600
3321 3741 4177 3787 gr. Oct.⸗Seiten Text mit ca. 400 colorirten
3320 3787 4173 3839 Abbildungen, 1861, in reich vergoldetem
3320 3833 4176 3885 Prachtband gebunden, nur 45 Sgr.!!! —
3319 3878 4175 3930 Hoffmann’s Erdkunde mit über 80 (theils
3319 3925 4176 3978 in Farbendruck) Abbildungen, neueſte Auf⸗
3320 3972 4175 4022 lage, nur 28 Sgr.!!! — Gerſtäcker, Rich⸗
3318 4017 4173 4070 ter’s Reiſen um die Welt, neueſte gr. Oct.⸗
3318 4061 4172 4118 Ausg., 2 Bde. mit Kupfertafeln, nur 38 Sgr. l!!
3319 4110 4171 4157 — Bulwer’s neueſte Romane, 15 Bänd⸗
3318 4156 4171 4208 chen mit Stahlſtichen, nur 28 Sgr.!!! —
3315 4202 4171 4250 Bürger’s ſämmtl. Werke, 9 Bände mit
3314 4247 4171 4303 Kpfrn., 50 Sgr.!!! — Landwirthſchaft,
3315 4294 4170 4344 allgemeine neueſte, oder das Ganze der Land⸗
3315 4338 4171 4388 wirthſchaft, 50 Bde. mit 3000 Abbild., nur
3313 4385 4171 4438 3 Thlr. 25 Sgr.!!! — Vollmer’s größte
3312 4431 4168 4483 Mythologie aller Völker, neueſte große
3301 4477 4170 4525 Prachtausg. m. v. hunderten Abbild., nur
3312 4523 4169 4570 54 Sgr.!]!! — Schmidlin’s populaäre Bo⸗
3310 4568 4167 4616 tanik, neueſte 57er Ausg. mit über 1600
3310 4615 4166 4665 prachtv. colorirten Abbild., eleg. geb., nur
3310 4706 4166 4757 Werke, neueſte deutſche illuſtr. Ausgabe, 12
3311 4748 4163 4808 Bände in reich vergoldeten Einbänden,
3308 4799 4162 4850 nur 60 Sgr.!!! — Berge’s Conchylien⸗
3308 4845 4164 4892 buch mit den vielen hunderten colorirten
3308 4892 4162 4944 koſtbaren Abbildungen, eleg. 4., nur 56 Sgr.!!!
3308 4937 4162 4986 — Berge’qs Giftpflanzenbuch, ebenſo, nur
3305 4984 4160 5034 52 Sgr. 1!! Schmidt’s Petrefacten⸗
3307 5025 4161 5084 buch, ebenſo, nur 52 Sgr.!! — Schmidt’s
3305 5075 4160 5127 Mineralienbuch, ebenſo, nur 52 Sgr.!!! —
3303 5121 4158 5172 1001 Nacht, 40 Thle., mit 150 Abbild.,
3303 5169 4158 5218 nur 60 Sgr.!!’! — Faublas Liebes⸗
3302 5214 4159 5264 abenteuer, 8 Thle. mit Kupfern, nur
3302 5260 4156 5312 3 Thlr.!!! — Illuſtrirte Beilage zu allen
3301 5306 4156 5358 Zeitungen, 4. mit tauſenden Abbild., nur
3302 5352 4155 5401 16 Sgr.!!! — Kirchbach, Chemie und
3301 5398 4155 5452 Mineralogie der Gewerbkunde, 3 Bände,
3299 5440 4153 5503 neueſte Aufl., 44 Sgr.!!! — Grüäſſe allgem.
3299 5491 4154 5544 Literaturgeſchichte, neue Aufl., 20 Sgr.! 17—
4197 4445 4760 4491 neueſten Zeit und Literatur,
4239 3150 5107 3198 68 Sgr.!!’ — Wieland, 36 Bde., nur
4238 3193 5106 3250 5 Thlr. 28 Sgr.!!! — Thümmel, 12 Bde.,
4238 3245 5105 3291 nur 68 Sgr.!!’ — Lamartine, 45 Bde.,
4239 3291 5103 3337 nur 4 Thlr.!!!! — Bocaccio Dekameron,
4236 3336 5104 3386 vollſtändigſte deutſche Ausg., 4 Bde., 55 Sgr.!!
4234 3382 5104 3431 — Bojardo’s verliebter Roland, 4 Bde.,
4235 3428 5099 3478 ſtatt 9 Thlr., nur 1 Thlr. 28 Sgr.!!! —
4234 3473 5100 3524 Walter Scott’s ſäwmtl. Werke, beſte
4234 3521 5098 3573 deutſche Ausg. vollſt. in 175 Bdn., eleg.!!!
4233 3569 5100 3618 nur 6 Thlr. (nicht ſo gut 4¾ Thlr.) —
4235 3614 5098 3665 Shakeſpeare, 7. Vols. mit Stahlſt.
4233 3660 5098 3710 70 Sgr.!!! — Byron, 5 Volumes mit
4232 3706 5096 3758 Stahlſt., 50 Sgr.!!! — Kleiſt’s ſämmtl.
4231 3752 5096 3805 Gedichte, 6 Sgr.!!!’ — Carl Spindler’s
4230 3799 5094 3855 Erzählungen mit ca. 20 Stahlſtichen, 9 Sgr.!!!
4228 3845 5093 3893 — Der Feierabend, 3 Bde. mit Bei⸗
4227 3891 5091 3944 trägen von Gerſtäcker, Roßmäßler, Hoffmann
4227 3938 5091 3989 u. ſ. w. alle 3 Bde. mit 21 Kunſtblättern
4226 3980 5088 4042 (Stahlſtiche) nur 12 Sgr.!!! — Zſchokke’s
4227 4028 5088 4089 17 Bde. Klaſſ.⸗Form., nur 4 Thlr. 28 Sgr.!!!
4224 4077 5087 4129 — Guſt. Schwab, Dichter Griechenlands,
4224 4123 5086 4172 2. Bde, 18 Sgr.!!! — Thomson’s
4224 4169 5086 4227 Seasons, à Sgr.!!! — Juug gen.
4224 4214 5082 4268 Stilling’s Werke, 4 Bde., gr. Oct. m. Bild,
4222 4259 5082 4325 56 Sgr.!! — Buch der Welt und
4220 4306 5082 4362 Illuſtrirtes Familienbuch mit Kunſt⸗
4223 4353 5080 4407 blättern u. Stahlſt., gr. 4., 22 Sgr.!!! —
4221 4397 4970 4454 Brockhaus Converſations⸗Lexicon
4804 4457 5080 4500 40 Thle., nur
4219 4489 5080 4541 2 Thlr. 22 Sgr.!!! — Hartmann’s Geo⸗
4219 4534 5078 4596 logie mit vielen Abbild., 1860, nurs Sgr.!!!
4219 4579 5077 4641 Deſſen Verſteinerungskunde, ebenſo, 8Sgr.!!!
4219 4626 5076 4681 Deſſen Mineralogie, ebenſo, 8 Sgr.!!! —
4217 4671 5075 4726 Der Pilger durch die Welt, Samm⸗
4218 4721 5074 4777 lung der beſten Beiträge Erzählungen, Skiz⸗
4216 4767 5072 4814 zen, Romane, Novellen, Gedichte ꝛc. ꝛc. der
4215 4811 5075 4877 beſten deutſchen Schriftſteller, 13 (Dreizehn)
4216 4857 5074 4909 große Quartbände mit Kunſtblätterte und
4213 4904 5073 4961 vielen tauſenden Abbildgen., zuſammen
4214 4952 4515 4996 nur 80 Sgr.!!!
4258 4993 4641 5044 Zahlreiche directe fr.
4212 5043 4412 5080 erbittet die
4210 5100 5071 5206 D. J. Polack’ſche Export
4233 5195 5045 5299 Buchhandlung, Hamburg.
4207 5299 5066 5410 Warnung. Im Intereſſe des geehrten
4570 5360 5068 5407 Publikums warnen vor
4208 5401 5065 5463 den jetzt öfters vorkommenden Annoncen,
4206 5449 5065 5503 aus welchen Concurrenz, Neid und
4207 5488 5066 5551 Misgunſt deutlich herausſpricht, nur wir
4666 4998 5071 5056 Ordres nach Hamburg
5030 4413 5101 4447 der
5204 3113 6025 3196 Die „Vacanzen⸗Liſte“, (Zeitung für
5157 3184 6021 3237 ſtelleſuchende Lehrer aller Fächer, Gou⸗
5157 3234 6024 3291 vernauten, Commis, Buchhalter ꝛc.,
5157 3276 6022 3340 Oekonomen, Forſtbeamte, Wirth⸗
5155 3323 6021 3376 ſchafterinnen, Aerzte, Cameral⸗
5154 3366 6019 3432 und Communal⸗Beamte, Apothe⸗
5153 3416 6018 3481 ker, Chemiker, Techniker, Muſiker,
5153 3458 6017 3520 Lithographen, Werkführer in allen
5153 3509 6017 3571 Branchen ꝛc. ꝛc., überhaupt in allen höheren
5152 3554 6016 3623 Berufszweigen), erſcheint jeden Dienstag
5149 3601 6015 3659 Nachmittag, und weist ausſchließlich und
5150 3652 6015 3707 genau alle offenen Stellen nach, welche
5150 3696 6014 3758 ohne Vermittelung von Commiſſionären zu
5148 3743 6013 3797 vergeben ſind. — Offene Stellen bittet
5145 3792 6014 3855 man dringendſt, behufs koſtenfreier Aufnahme
5144 3832 6013 3892 mitzutheilen. — Das Abonnement bei
5144 3880 6012 3936 franco Zuſendung beträgt pro 1 Monat
5144 3928 6005 3987 1 Thlr., (für 3 Monat nur 2 Thlr.) vom
5141 3973 6008 4030 Tage der Beſtellung abgerechnet, in der
5141 4019 6006 4079 Expedition: beim Buchhändler A. Rete⸗
5138 4069 5783 4118 meyer in Berlin, Kurſtr. 50.
5184 4111 6003 4174 Abonnements werden für Hannover
5137 4157 6000 4228 und Umgegend angenommen in der Exped.
5135 4204 5822 4259 der „Zeitung für Norddeutſchland.“
5180 4296 5988 4357 Für eine Keſſelſchmiede und Ma⸗
5133 4342 5994 4413 ſchinenfabrik in einer kleinen Stadt
5132 4393 5997 4458 wird ein guter Techniker geſucht.
5132 4434 5997 4493 Franco⸗Adreſſen sub HB. & V.
5130 4478 5970 4551  240 nehmen Hangengstein g
5139 4528 5979 4594 Logler in Ham burg entgegen.)
5172 4621 5997 4692 Für ein Colonial⸗, Porzellan⸗ und Kurz⸗
5127 4669 6002 4728 waarengeſchäft in einer ſehr lebhaften Pro⸗
5125 4714 5997 4784 vinzialſtadt wird auf Oſtern ein Lehrling
5125 4760 5993 4815 geſucht. Gefällige Offerten bittet man an
5125 4807 6000 4875 die Expedition dieſer Zeitung unter Chiffer
5126 4851 5647 4902 A. Z. frankirt zu ſenden.
5146 4939 5958 5050 Für Dandwurmpatienten.
5166 5050 5996 5101 Durch mein in Deutschland rühmlichst
5120 5094 5993 5147 bekanntes Mittel treibe ich, bei abnehmen-
5120 5140 5994 5195 dem Monde, jeden Bandwurm binnen 2 bis
5119 5188 5993 5241 4 Stunden schmerz- und gefahrlos vollstän-
5120 5235 5991 5289 dig ab. Dasselbe ist für 3 Thlr., in hart-
5117 5282 5992 5334 näckigen Fällen für 4 Thlr. von mir zu
5116 5327 5990 5386 beziehen; doch muss Alter, Constitution eto,
5116 5372 5938 5438 des Patienten genau bezeichnet werden.
5156 5420 5989 5500 Voigft, Arzt zu Croppenstädt (Preussen)
1454 7961 3189 8029 Pferdeſtraßte 10, Iu. Rinne, Bader. Hannover, Sttiiehlſtraße 1.
3296 5535 4152 5591 Lichtenberg mit Kupfern von Chodowieki,
3296 5582 4150 5637 8 Bde, 60 Sgr.!!! — Haunff, 15 Thle.,
3296 5629 4473 5682 60 Sgr.!¹! — Kotzebune ſämmtl. Werke, ganz neuen
4205 5540 5063 5599 allein find durch den bedeutenden Export⸗
4203 5584 4812 5645 Umſatz in den Stand geſetzt,
4524 5639 5062 5692 2☚.3. Exemplaren, wofür
4869 5600 5061 5640 Bücher in
3294 5669 5839 5777 50 Bde, 7 Thlr. 10 Sgr.!!! — Panl de iragitipöre und zur d ulend bil⸗ in t
3293 5721 5259 5811 Kock’s Romane, 62 Bde., gr. Ock., 3 Thlr. kiger (oft zum 4.— 10. Theil) als andere G
3293 5753 5860 5843 26 Sgr.!!! — Marriat’'s beſte Romane, Buchhandlungen, zu erpediren. Nichtcon⸗ eestemünd
3295 5814 5983 5907 15 Bde., gr. Oct., nur 2 Thlr. 28 Sgr.¹!! venirendes wird bereitwilligſt umgetauſcht halte einem geehrten reiſenden Publi⸗
3294 5859 5627 5955 — Boz (Dickens) Werke, 37 Bde., gr. Oct. Das unbedeutende Porto wird kum beſtens empfohlen
3293 5870 5056 5972 mit S nur 6 Thlr. 20 Sgr.¹¹⁄ — größtentheils durch die bekannten Gratis⸗
3292 5949 4542 6009 Arago’s Reiſen, neueſte Aufl., gr. Oct., Zugaben gedeckt.
3291 5998 4146 6055 nur 14 Sgr.!!! — Macaulay, Seſchichte
5293 5951 5972 6084 George Ebrecht. M
3777 6123 4552 6206 Einladung zum Abonnement
4091 6224 4250 6279 auf die
3457 6277 4875 6414 Wochenſchrift des Nationalvereins.
3456 6414 5045 6502 Mit dem 1. Januar 1861 beginnt das Abonnement für das neue
3570 6473 5045 6573 Es verſteht ſich von ſelbſt, daß die Richtung der Wochenſchrift
3284 6466 3480 6513 Quartal.
3285 6528 4614 6609 unverändert bleiben wird. Vereinigung der geſammten
3285 6583 4573 6662 diplomatiſchen Gewalten in einer einzigen Hand, Wi
3285 6642 4577 6718 Geſammtvertretung der deutſchen Nation, wachſame W
3284 6698 4582 6778 haft deutſchen Intereſſen gegenüber dem Ausland, En
3283 6757 4584 6834 verkehrte Staatsmaximen gebundenen politiſchen und wi
3282 6816 4231 6893 des Volkes, Beſeitigung eines unberechti
3282 6871 3933 6930 Regiments zu Gunſten einer
3280 6932 3938 6997 vinz, Gemeinde und Genoſſe
3944 6947 4505 7004 nſchaft: — das ſind na
3281 6957 4545 7049 lichen Zielpunkte, welche das H 1
3491 7004 4559 7066 Apr Organ des deutſchen Nati
3373 7047 4536 7125 „Eiiſendungen für die Wochenſchrift, welche im
3281 7104 4566 7190 anſtändigſt honorirt werden, bittet man an den Her
3281 7160 4450 7243 A. L. von Rochau in Heidelberg, zu richten.
3439 7219 4558 7309 Die Wochenſchrift kann durch alle Poſtanſtalten,
3279 7275 4604 7357 Buchhandel bezogen werden. Der vierteljährliche Abonne
3277 7334 4602 7416 an Ort und Stelle 10 Sgr. oder 36 kr., im Thurn un
3277 7390 4595 7484 gebiet und im Buchhandel 12½ Sgr. oder 45 kr. Im
3277 7450 4545 7535 beträgt der Aufschlag beim Bezuge durch die Poſt 100
3278 7501 4412 7596 Blatt dort alſo 20 Sgr. oder 1 fl. 12 kr. koſtet.
3400 7565 4430 7642 Inſerate, welche bei der die Ziffer 5000 n
3279 7623 4367 7690 nentenzahl des Blattes die weiteſte M
3276 7679 4462 7763 lands finden, werden mit 2GöSgr. oder 3 kr. für die
3274 7728 4489 7851 brſ lnel, narj f Inhalt des Blattes nicht zu bee
3271 7807 4290 7861 jedem irgend ſtärkeren Zuſammenflu I
3271 7808 4468 7912 blatt beigegeben.  ſuß von ,pyſfraten
3362 7914 4159 7979 Cohburg, im December 1860.
4579 7153 4600 7185 a
4495 7720 4597 7774 dopp
4496 7776 4598 7822 inträ
4581 6616 5044 6689 ederherſtellung einer
4583 6677 5041 6745 ahrung aller wahr⸗
4590 6736 5039 6803 tfeſſelung der durch
4400 6797 5041 6860 M rthſchaftlichen Kräfte
4158 6842 4775 6903 zchtigten büreaukratiſchen u
3965 6892 5038 6973 vernünftig aufgefaßten Selbſtregierung in Pro⸗
4580 6971 5038 7034 wie vor die weſent⸗
4568 7028 5036 7096 onalvereins verfolgt.
4570 7082 5035 7148 Falle der Aufnahme
4562 7484 5033 7563 Proeent, ſo daß das
4256 7587 5030 7665 bt nahezu cereichenden Abon⸗
4109 7644 4669 7715 Verbreitung in und auß
4504 7836 5027 7913 ein beſonderes Anzeige⸗
3567 7985 4955 8104 Die Expedition der Wochenſchrift des Nationalvereins,
5190 6091 5885 6159 Königliches Hoftheater.
5149 6159 5976 6227 Dienstag, 8. Jan. (13. Vorſt. im d. Abonn.):
5100 6204 5974 6266 Adrienne Lecouvreur. Drama in 5
5101 6254 5972 6312 Acten aus dem Franzöſiſchen von T. G.
5099 6299 5301 6341 Herrmann.
5305 6397 5762 6460 Thalia⸗Theater.
5138 6457 5970 6529 Mittwoch, 9. Jan. (54. Vorſt. im Abonn.):
5099 6505 5969 6569 Eine kleine Erzählung ohne Namen.
5099 6548 5969 6625 Luſtſpiel in 1 Act, von Görner. Hierauf:
5095 6594 5966 6660 Dienſtboten. Luſtſpiel in 1 Act, von Be⸗
5095 6649 5965 6719 nedix. Zum Schluß: Das Verſprechen
5096 6693 5966 6767 binter'm Heerd. Alpenſcene in 1 Act,
5094 6742 5389 6783 von Baumann.
5105 6783 5966 6856 3 Donnerstag, 10. Jan. (55. Vorſt. im Ab.):
5092 6833 5962 6899 Precioſa. Schauſpiel mit Geſang und
5093 6881 5961 6945 Tanz in 5 Acten, von Wolf. Muſik von C.
5092 6927 5961 6993 M. v. Weber. Precioſa — Fräul. Hoff⸗
5088 6976 5565 7029 meiſter, als Gaſtrolle.
4658 6565 5063 6621 militäriſchen und
4782 6862 5040 6918 nd Polizei⸗
5306 7098 5731 7192 Inſerate
5207 7197 5605 7267 B N für die
5095 7244 5948 7338 „Zeitung für Norddeutſchland
5090 7330 5953 7398 werden für Kaſſel und Umgegend
5088 7386 5953 7457 nur allein durch die dortige Buch⸗
5088 7442 5951 7506 handlung von G. wärltlen-
5085 7497 5529 7559 berger erbeten.
5142 7559 5950 7631 Bei der großen Verbreitung unſeres
5085 7611 5946 7684 Blattes auch in Kaſſel und den
5084 7672 5948 7740 Grenzlanden können wir mit Recht
4618 7148 5033 7208 usgeber, Herrn
4610 7259 5035 7322 ſo wie durch den
4611 7323 5037 7386 mentspreis beträgt
4612 7377 5035 7443 d Taxisſchen Poſt⸗
4624 7428 5034 7503 Voſtvereinsgebiete
4677 7671 5031 7730 erhalb Deutſch⸗
4604 7721 6000 7801 eiſpaltige Petitzeile verſichern, daß der Zweck des Inſe:
4606 7785 5968 7862 chtigen, wird bei renten durch dasſelbe am ſicherſten
5079 7850 5347 7905 erzielt wird.
5138 7907 5432 7960 Hannover.
5421 7968 5881 8035 Die Expedition.
5230 8052 5939 8137 Dr u dcu Plld. Nierſchneider.
