6336 8429
796 424 1566 545 Anzeigen.
749 613 1583 704 Bekanntmachung.
1314 712 1610 767 Vom 1. Febr.
1292 771 1611 826 d. J. an wird
1292 829 1612 883 im Hanno⸗
1293 888 1612 937 verſchen Lo⸗
1297 946 1613 1001 cal⸗Verkehr
750 1001 1606 1060 der Artikel Salz; in dem Falle, daß
751 1063 1610 1124 die Aufgabe als Fahrgut (in Wa⸗
750 1122 1609 1186 genladungen) ſtattfindet, zu den er⸗
748 1176 1609 1239 mäßigten Tarifſätzen der Claſſe II. A.
752 1240 1141 1295 befördert werden.
806 1284 1604 1353 Hannover, den 19. Jan. 1864.
750 1362 1610 1438 Königlich Haunoverſche General⸗
784 1435 1574 1503 Direction der Eiſenbahnen und
1032 1506 1344 1573 Telegraphen.
972 1574 1388 1630 Hartmann, Dr.
800 1652 1618 1702 Ein auf dem Moritzberge bei Hildes⸗
746 1701 1616 1751 heim, in einer ſehr geſunden Gegend ge⸗
754 1747 1617 1796 legener freundlicher Hof mit ſchön reſtau⸗
755 1794 1618 1842 rirtem Wohngebäude, mit an 3 Morgen
756 1841 1618 1889 großem Garten und 2 Morgen Ackerland, den
761 1886 1617 1936 nöthigen Pferde⸗ und ſonſtigen Ställen, ſteht
760 1931 1620 1980 unter der Hand zu verkaufen. Die Kauf⸗
758 1979 1620 2029 ſumme braucht nur bis zur Hälfte abgezahlt
756 2025 1621 2076 zu werden. Nähere Benachrichtigung giebt
756 2074 1331 2120 die Expedition dieſer Zeitung.
2049 759 2145 812 Das
1666 808 2525 937 Bettfedern- & Daunen-
1833 942 2357 1063 Engros-Lager
2057 1070 2137 1103 von
1668 1122 2525 1264 Gebr. Hauers
1827 1312 2371 1382 Hannover
1792 1399 2398 1457 befindet ſich während der
1710 1455 2488 1536 Brannſchweiger Meſſe
1671 1627 2530 1688 im Oppenheimer’ſchen Hauſe.
1845 1537 2362 1615 Breitestrasse
2024 404 3974 666 Braunschweiger Messe.
801 2144 1565 2237 Für Färber und Gerber.
803 2246 1622 2294 Ein ſehr günſtig belegenes Etabliſſement
758 2292 1620 2342 iſt zu verkaufen. Wo? erfährt man im
761 2340 1463 2385 Comptoir am Bahnhofe 7, parterre.
1852 1720 2368 1801 S. M. Seckel
1721 1816 2483 1885 Manufactur⸗Waaren en gros
1897 1888 2299 1945 Braunſchweig
1698 1946 2512 2001 Comtoir & Lager
1800 2001 2409 2055 im Rickel’ſchen Hauſe,
1708 2059 2506 2121 Ecke Gördelinger⸗ und Neue⸗
1952 2121 2251 2178 ſtraße 20.
984 2459 1403 2514 Das Neueſte in
762 2518 1625 2618 Cotillon⸗Decorationen
766 2636 961 2689 empfiehlt
907 2693 1626 2784 Carl Schneider.
2631 744 3430 807 Zur nächſten Braunſchweiger
2575 805 3160 867 Meſſe zum erſten Male
2634 852 3393 950 Schützenstr. 34 im Hofe.
2578 963 3436 1024 Großes Lager von Flanell,
2577 1022 3436 1085 Coating, Tuch, Bucks-
2577 1081 3434 1143 kin etc., welche ſich durch Güte
2577 1141 3182 1200 und Billigkeit auszeichnen.
2667 1201 2942 1253 Bramſche.
2822 1257 3422 1351 L. G. Vocke.
2399 2229 3625 2488 E. F. Witting,
1683 2499 4358 2673 Braunschweig, Schuhſtraße №. 15,
2538 2674 3509 2850 Engros-Lager
1843 2861 4207 2985 der neuesten Frühjahrs-Umhänge & Mantillen etc.
2618 1446 3405 1600 Herm. Hansmann
2677 1609 3349 1691 aus Eichenthal
2770 1692 3247 1749 bei Oſterode a. H.
2581 1763 3437 1823 Während der diesjährigen Braun⸗
2582 1820 3438 1884 ſchweiger Lichtmeſſe mit Lager
2582 1878 3438 1942 carrirter, geſtreifter und glat⸗
2581 1936 3441 1998 ter halbwollener Waaren, wie
2587 1993 3442 2053 auch Velour eigener Fabrik,
2759 2054 3272 2103 wiederum, wie bisher,
2608 2107 3413 2174 zum Jungfernstieg №. 6.
819 2863 1624 2923 Eine große Sendung von Pa⸗
764 2920 1622 2979 riſer Damen⸗ u. Herren⸗Schmuck⸗
763 2979 1623 3038 ſachen, darunter Neuheiten ganz
765 3036 1629 3093 beſonderer Art. Ebenfalls ſind mit
767 3092 1628 3153 dieſer Sendung die gefehlten Stahl⸗
765 3153 1631 3211 perlen angekommen, die ich zu be⸗
768 3210 1627 3268 kannten billigen Preiſen empfohlen
775 3271 890 3326 halte.
941 3330 1569 3441 C. P. Sontag,
974 3441 1523 3495 Gr. Packhofſtraße 16 A.
1884 3027 3258 3142 Preisgekrönte Engl. Brief-Copir-Bücher,
1686 3132 3453 3185 worin man Briefe u. 1—5 Copien zugleich ſchreibt, unentbehrlich für Jedermann. Preiſe
1686 3176 3452 3234 Pr. Crt.⸗ 3, 2½ u. 2. Sehr elegante für Damen in Billetpapier⸗Format Pr. Crt.⸗ 2.
1687 3227 3404 3316 Allein echt bei H. F. Sahlmann & Co.,
2587 3324 2946 3379 Hamburg.
2054 3381 3083 3430 ☛ Wiederverkäufer erhalten guten Rabatt. ☚
3487 737 4340 889 Stnrm & Eppner
3561 901 4264 977 aus Hannover
3487 987 4342 1073 Lager deutſcher und engliſcher
3652 1072 4240 1148 Manufacturwaaren
3485 1162 4340 1224 zur bevorſtehenden Lichtmeſſe in
3484 1288 4343 1344 Schützenstrasse, im Hauſe
3707 1223 4128 1280 Braunſchweig:
3487 1473 4344 1533 Carl Aug. Becker a. Leipzig.
3572 1417 4256 1474 früheres Gewölbe des Herrn
3619 1347 4215 1406 des Herrn M. Jüdel,
825 3544 1562 3691 Glycerin.
822 3696 1632 3754 Wir empfehlen Glycerin für Gas⸗
776 3755 1633 3802 uhren, ſowie gereinigtes Glycerin bei
778 3802 1338 3849 größeren Quantitäten billigſt.
828 3852 1587 3912 de Haen-Carstanjen & Söhne
1073 3916 1341 3963 in Düſſeldorf.
934 3969 1482 4031 E. de Haen & Comp.
993 4035 1417 4077 in Liſt vor Hannover.
3497 1610 4329 1701 Julius Marcusson
3632 1718 4187 1795 aus Hannover
3612 1894 4228 1948 während der Lichtmeſſe
3673 1953 4170 2007 in Braunſchweig:
3560 2020 4287 2092 Altstadtmarkt №. 18
3494 2102 4354 2159 im Hauſe des Herrn A. Graupner.
3489 1812 4349 1886 Lager von Buckskins und Tuchen
2254 3655 3370 3711 mit nebenſtehendem Etikett verſehen.
2337 3713 3289 3773 Das Beſte Deutſcher Nähnadelfabrikation.
2596 3780 3027 3825 Zu beziehen durch das
2374 3821 3246 3884 Nadel-Engros-Geschäft
2214 3882 3411 3967 von B. Lisser in Berlin,
2464 3975 3234 4033 Oberwaſſerſtraße Nr. 12.
2337 4033 3275 4079 Alle Sorten und Arten von Nadeln.
2406 3499 3214 3628 Germania-Nadeln
837 4104 1583 4194 Louis Brandes
986 4222 1436 4270 HANNOVER
1053 4301 1359 4342 Marktstrasse 5,
907 4357 1529 4402 empfiehlt sich zur Anfertigung
778 4414 1641 4468 chir. Instrumente, Bandagen und Messer.
4534 363 6157 417 Nachdem wir vor Kurzem mit dem Kohlen⸗Geſchäfte in Firma: Becker
4398 414 6161 469 & Meyer in Uelzen abgeſchloſſen, genannten Herren den alleinigen Verkauf unſerer
4398 460 6165 516 Kohlen für Uelzen und nächſte Umgegend zu übertragen, ſo verfehlen nicht, ſolches hie mit
4396 518 4853 567 zur Anzeige zu bringen.
4536 558 6162 610 Außerdem haben wir dem Herrn F. Meyer in Uelzen die Agentur von der
4400 607 5526 659 Eiſenbahn⸗Station Lehrte ab bis Harburg übergeben.
4536 654 5226 699 Rotthauſen, im Januar 1864.
4479 698 6087 785 Die Belgiſch⸗Rheiniſche Geſellſchaft der
4652 780 5905 866 Kohlenbergwerke an der Ruhr.
1902 4157 3254 4279 Emser Pastillen
1697 4313 3454 4408 durch ihre ſo vorzüglichen Wirkungen — beſonders gegen Huſten
1695 4400 3463 4488 Verſchleimungen ꝛc. — ſo ſehr beliebt, ſind ſtets vorräthig in Hannover
1697 4493 3461 4591 bei Herrn Friedr. Wilh. Haase jun.,
1698 4593 2438 4638 der Haupt⸗Niederlage für’s Königreich.
1836 4659 3194 4716 Die Paſtillen werden nur in etiquettirten Schachteln verſandt.
1922 4725 3467 4803 Herzoglich Naſſauiſche Brunnenverwaltung zu Bad Ems.
2458 4798 2876 4845 Hasslacher.
4539 919 6167 972 Bezugnehmend auf obige Anzeige bin ich gern bereit, für die Belgiſch⸗Rhei⸗
4399 966 6170 1020 niſche Geſellſchaft der Kohlenbergwerke an der Ruhr Auskunft zu ertheilen,
4399 1019 4980 1066 ſo wie Geſchäfte abzuſchließen.
783 4499 1638 4586 M. Molling & Co.
892 4589 1462 4634 Seilwinderſtraße 12.
783 4637 1037 4680 empfehlen ihr
785 4690 1645 4792 Leinen- & Wäſche-Geſchäſt
816 4797 1609 4843 unter Zuſicherung ſtrengſter Reellität und
977 4845 1448 4888 der billigſten Bedienung.
4400 1273 5257 1357 Zu Gunſten der nothleidenden
4536 1359 5124 1439 Schleswig⸗Holſteiner.
3501 3011 4357 3105 Inſerate in Berlin
3502 3104 4361 3149 haben unbedingt den beſten Erfolg und die
3504 3152 3930 3196 größte Verbreitung im
3548 3202 4317 3305 Berliner Anzeige-Blatt,
3503 3311 4366 3358 da dasſelbe zufolge ſeines gemeinnützigen
3503 3358 4364 3404 Inhalts faſt in jedem Hauſe der Stadt und
3506 3405 4365 3451 Umgegend, auch in allen öffentl. Localen
3505 3452 4366 3497 geleſen wird. Außerdem garantirt das
3506 3498 4367 3543 1—2malige Erſcheinen wöchentlich, daß alle
3505 3546 4366 3589 in dieſem Blatte gedruckten Inſerate ſtets
3507 3592 4368 3636 für mehre Tage Werth behalten. — Die Zeile
3506 3638 4367 3682 wird mit nur 2 Sgr. berechnet und ſind Zu⸗
3504 3683 4040 3729 ſendungen zu adreſſiren an:
3510 3729 4364 3777 A. Retemeyer’s Zeitungs⸗Bureau
3509 3822 4370 3870 ☛ Auch werden Inſerate in alle
3802 3777 4077 3816 in Beriin.
3509 3869 4368 3917 hieſige und auswärtige Zeitungen
3509 3916 4370 3961 prompt, gewiſſenhaft und zu den Original⸗
3794 3964 4089 4007 Preiſen beſorgt.
4459 1441 5258 1495 Nachdem das Unternehmen einer
4402 1498 5256 1556 Verlooſung von Kunſtgegenſtänden
4403 1559 5257 1609 zum Beſten der nothleidenden
4403 1615 5260 1670 Schleswig⸗Holſteiner, welche
4403 1673 5260 1728 im Laufe des Jahres 1864 hier ſtatt⸗
4405 1731 5257 1786 finden ſoll, die Conceſſion der Her⸗
4404 1790 5261 1845 zoglich Coburgiſchen Staatsregierung
4407 1848 5261 1902 erlangt hat und bis zu dem Verkauf
4409 1904 5259 1961 der Looſe vorgeſchritten iſt, machen
4409 1962 5261 2019 wir dies, unter Beifügung des unten⸗
4411 2020 5263 2077 ſtehenden Auszuges aus dem von der
4413 2077 5261 2135 Herzoglichen Staatsregierung geneh⸗
4415 2135 5263 2189 migten Ausſpielungsplan, mit dem Be⸗
4417 2191 5262 2249 merken bekannt, daß Looſe (à 15 Sgr.
4419 2246 5265 2303 oder 52½ kr.) ſowohl von den Mit⸗
4418 2305 5263 2360 gliedern des Controlcomites direct.
4419 2362 5271 2416 als von den beſtellten Hauptagentu⸗
4418 2420 5271 2476 ren zu beziehen ſind. Jedes ſolches
4417 2478 5275 2531 Loos, auf welchem die Namen der
4419 2536 5276 2592 hier unterzeichneten Mitglieder des
4418 2593 5275 2650 Controlcomites beigedruckt ſind und
4419 2651 5274 2708 welches mit der betreffenden Nummer
4416 2710 5275 2765 in der fortlaufenden Reihenfolge be⸗
4418 2766 5276 2823 ſchrieben iſt, muß zu ſeiner Gül⸗
4420 2825 5274 2884 tigkeit überdies mit dem Stempel
4420 2883 5273 2941 des betreffenden Agenten, von dem
4420 2941 5277 2998 es abgegeben wird, oder bei direc⸗
4421 2999 5276 3056 tem Bezug mit demjenigen eines
4422 3057 5277 3114 Mitgliedes des unterzeichneten Con⸗
4422 3115 5275 3169 trolcomites noch beſonders verſehen
4423 3173 5275 3227 ſein. Looſe, welche in ſolcher Weiſe
4423 3231 5276 3287 nicht abgeſtempelt ſind, werden
4422 3290 5277 3343 vorkommenden Falls nicht honorirt
4424 3345 5276 3402 und haben ſich die Inhaber desfalls
4424 3405 5278 3461 bei demjenigen ſchadlos zu halten,
4424 3463 5279 3519 von dem ſie das ungültige Loos er⸗
4425 3523 4725 3576 halten haben.
4536 1064 5094 1113 Uelzen, im Januar 1864.
844 4914 1635 4973 Die ächten Harzkräuter⸗Käſe
783 4972 1484 5029 pro Schock 10 Ngr., empfiehlt
1181 5026 1562 5093 C. Thomas.
844 5111 1420 5164 Elbingerode im Harz.
1757 4930 2492 5020 Electriſche Heilanſtalt.
794 5190 1640 5285 Solaröl-Nachtlampen,
795 5285 1650 5339 welche die ganze Woche nur für un⸗
795 5342 1649 5398 gefähr 2 bis 3 Pf. Oel verbrauchen,
792 5399 1564 5456 empfiehlt das Stück zu 2½ Ngr
900 5457 1647 5554 Carl Schneider.
1748 5032 2558 5078 Dieſe von mir im Anfang des Jahres
1704 5079 2559 5125 1862 begründete Anſtalt, über welche ich jetzt
1703 5126 2556 5171 den zweiten Jahresbericht abſtatte, hat auch
1702 5173 2559 5217 im Jahre 1863 den Anforderungen einer
1702 5218 2558 5262 Heilanſtalt Genüge zu leiſten geſucht. Daß
1705 5264 2559 5310 die Erfüllung dieſer Aufgabe nicht ganz mis⸗
1704 5312 2559 5356 lungen, hiervon zeugt die anſehnliche Fre⸗
1704 5356 2559 5403 quenz während des verfloſſenen Zeitraumes,
1705 5404 2559 5450 die Frucht eines gewiß nicht hoch genug zu
1704 5450 2558 5496 ſchätzenden Vertrauens, welches zugleich den
1704 5497 2557 5541 noch weit wichtigeren Beweis liefert, daß der
1707 5542 2561 5588 Werth der galvaniſchen Behandlung über⸗
1707 5590 2562 5637 haupt und die Ueberzeugung von der Nütz⸗
1705 5635 2562 5682 lichkeit einer frühzeitigen Behandlung
1709 5682 2561 5727 mehr und mehr zum Heile der Kranken ſich
1706 5729 2559 5773 Bahn gebrochen hat; doch will ich hier ſchon
1707 5774 2564 5818 bemerken, daß ſelbſt bei Leiden, welche Jahr⸗
1706 5821 2566 5866 zehende lang beſtanden haben, vollſtändige
1707 5867 2290 5913 Heilungen erzielt worden ſind.
1754 5913 2566 5958 Die in den folgenden Zeilen niedergelegten
1707 5959 2563 6005 Thatſachen mögen für ſich ſelber ſpechen. Es
1707 6008 2126 6049 wurden behandelt an:
3532 4039 4346 4142 Office for Marriages
3772 4134 4104 4189 London.
3555 4203 4325 4260 (Ancienne Institution internationale.)
5312 1295 5507 1381 ☛
5527 1286 6178 1329 Für ein Band⸗ und Weißwaaren⸗
5527 1333 6176 1375 Geſchäft in Hannover wird ein
5311 1380 6176 1427 Commis auf ſogleich zu engagiren
5312 1429 5445 1473 geſucht.
5356 1471 6176 1519 Offerten nimmt die Expedition dieſer Zei⸗
5310 1522 5873 1565 tung unter Lit A. entgegen.
3555 4273 4369 4313 Die Direction der bekannten Ehevermitte⸗
3511 4317 4369 4363 lungs⸗Anſtalt erlaubt ſich, unter Hinweiſung
3513 4363 4370 4408 auf ihr langjähriges Beſtehen und auf die
3514 4410 4372 4454 in allen Ländern durch ihren Beiſtand ge⸗
3516 4455 4373 4501 ſchloſſenen Ehebündniſſe, die öffentliche Auf⸗
3514 4502 4374 4549 merkſamkeit auf die Nützlichkeit ihres Inſti⸗
3516 4551 4374 4594 tuts zu lenken, dabei ergebenſt bemerkend,
3516 4597 4373 4641 daß ihr von England und dem Continente
3517 4642 4372 4686 aufs Neue höchſt ſolide Damenanträge aus
3519 4688 4372 4735 bürgerlichen, adeligen und gräflichen Stän⸗
3519 4734 4373 4778 den, von Damen mit verſchiedenem, theil⸗
3518 4781 4373 4827 weiſe ſehr bedeutendem Vermögen zur Er⸗
3519 4827 4373 4874 ledigung anvertraut worden ſind. Achtbare
3519 4874 4374 4919 Bewerber werden unter Zuſicherung ſtrengſter
3518 4920 4375 4965 Discretion eingeladen, ſich vertrauensvoll
3517 4969 4375 5012 (doch nicht anonym) zu wenden an Messrs,
3517 5014 4376 5058 John Schwarz & Co., Dalston
3517 5062 3671 5096 London.
5355 1591 6172 1637 Tüchtige und ſolide Cigarrenmacher
5310 1637 6175 1683 finden gute und dauernde Beſchäftigung in
5311 1685 6038 1728 der Taback⸗ und Cigarren⸗Fabrik von
2604 4914 3464 5022 ☛ Die ſchönſten und
2605 5006 3469 5100 intereſſanteſten Bücher zu
2701 5100 3372 5195 Spottpreiſen ☚
5594 1731 6129 1776 Fuhrmann & Co.
5635 1780 6079 1819 in Hann. Münden.
5457 1847 6024 1927 Stelle⸗Geſnch.
5359 1929 6175 1976 Ein erfahrener, ſeit neun Jahren auf ver⸗
5313 1974 6176 2022 ſchiedenen Gütern thätig geweſener, in der
5313 2022 6179 2068 Buchführung wie im Brennereibetriebe be⸗
5313 2071 6180 2117 wanderter, mit den beſten Zeugniſſen verſehener
5473 2116 6018 2158 Oekonomie⸗Verwalter
5313 2161 6181 2212 ſucht zu Oſtern d. J. oder ſpäter Stellung.
5360 2208 6180 2255 Gefällige Offerten werden unter W. Z.
5315 2256 6178 2304 durch die Expedition dieſer Zeitung erbeten.
844 5595 1503 5642 Der ſeit einigen Tagen vergriffene
846 5650 1608 5789 Twistabfall
795 5834 1654 5879 zum Putzen der Maſchinen iſt nunmehr wieder
797 5881 1081 5925 eingetroffen bei
861 5925 1652 6021 Berthold Cohen.
5564 1108 5947 1201 F. Meyer,
5586 1201 5961 1263 Agent.
4483 3577 5282 3634 Coburg, den 6. December 1863.
4424 3636 5279 3697 Das zur Ueberwachung der Ausſpielung
4666 3694 5045 3748 beſtellte Comite:
4426 3752 5281 3798 Oberländer, Franz Appel, Fr. Köhler,
4480 3799 5226 3847 Joh. Beyer, Dr. v. Schauroth,
4742 3846 4971 3889 F. Streit.
5322 2335 5590 2443 ☛
2653 5202 3469 5248 Biernatzki Scenen aus Schleswig⸗Holſtein,
2607 5249 3469 5294 3 Bde. mit viel. 100 Abbild. 20 Ngr.
2608 5292 3468 5342 Boccaccio, Decameron u. Fiametta. 4 Bde.
2608 5342 3470 5389 eleg. gebd. 1 Thlr. 25 Ngr. Poppe, Wunder⸗
2608 5388 3465 5435 ſchauplatz d. Magie. 4 Bde. m. viel. Abbild.
2609 5433 3469 5477 1⅓ Thlr. Memoiren der Ninon de l'Enclos.
2608 5479 3469 5528 4 Bde. 1 Thlr. Lichtenberg, humoriſtiſche
2608 5525 3469 5570 ſatyriſche, witzige, launige Schriften, 5 Bde.
2610 5571 3472 5617 eleg. geb. 2 Thlr. Paradiesäpfel vom Baum
2609 5617 3473 5664 d. Erkeuntniß. 1 Thlr. Der perſöuliche
2610 5665 3472 5712 Schutz m. 25 anatom. Abbld. (verſiegelt) 20 Ngr.
2611 5710 3474 5757 Schutz wider den perſönlichen Schutz (ver⸗
2610 5756 3473 5803 klebt) 15 Ngr. Victor Hugo, Die Elenden.
2612 5802 3474 5849 2 Bde. Prachtbd. 1½ Thlr. Demokritos,
2613 5848 3472 5891 Die hinterlaſſenen Papiere eines lachenden
2613 5894 3475 5938 Philoſophen, 12 Bde, neue Ausg. 4 Thlr.
2613 5939 3477 5985 1001 Nacht, 24 Bde. mit 24 color. Abbild.
2614 5986 3477 6032 elegant geb. 3 Thlr. Hauff’s Werke. 5 Bde.
2615 6031 3477 6080 eleg. geb. 2⅚ Thlr. ☛ Bnſch, das
2617 6078 3478 6127 Geſchlechtsleben des Weibes, 5 Bde. 5 Thlr.
2617 6124 3476 6171 ☛ Illuſtr. Haus⸗ u. Familienbuch mit
2619 6170 3476 6222 1000 Anſichten, Plänen, Städten ꝛc. m. Far⸗
2621 6217 3476 6264 bendruck u. Bildern berühmter Männer unſrer
2619 6263 3481 6313 Zeit nebſt Biographien. Erzähluugen von
2622 6309 3481 6357 Hackländer, Mühlbach, Burow, Schrader u.
2624 6355 3481 6401 andere zu nur ☛ 2⅔ Thlr. ☚ Dela-
2620 6403 3483 6448 vigne oeuvres choisies 3 v. 15 Ngr, Bruck⸗
2620 6448 3481 6494 bräu, Verſchwörung in München 2 Bände.
2621 6494 3481 6543 2¼ Thlr. Deſſen geheime Liebſchaften 1½ Thl.
2622 6541 3479 6587 Deſſen Mittheilungen aus den geheimen Me⸗
2623 6586 3482 6632 moiren einer deutſchen Sängerin 2 Bände,
2622 6633 3480 6678 2¼ Thlr. Deſſen d. Papſt im Unterrock, 2
2622 6679 3482 6728 Bde. 1½ Thlr. Deſſen Schürzenräthſel 1½
2623 6725 3482 6771 Thlr. Deſſen Roſa’s Gardinenſeufzer, 2 Bde.
2624 6771 3483 6820 2 Thlr. Dieſe Romane auf einmal bezogen
2624 6817 3485 6870 ſtatt 11 Thlr. zu nur 9 Thlr. Hamburger
2624 6862 3479 6913 Caſanova 1½ Thlr. Hogarth’s, Zeichnungen
2624 6909 3482 6956 von Rahl in 62 Blatt 2⅓ Thlr. Denſelben
2624 6955 3483 7003 m. Erklärungen von Lichtenberg 92 Bände,
2624 7000 3483 7050 Prachtbd. 5 Thlr. Bibliothek der neueſten
2624 7046 3481 7095 deutſchen Claſſiker 50 Bde. eleg. geb. 2⅚ Thlr.
2625 7093 3485 7141 Liebes⸗Abenteuer d. Chevalier Faublas
2625 7139 3124 7183 4 Bde. m. Kpfrn. 3 Thlr.
5650 2340 6173 2395 Geſucht wird für eins
5595 2397 6176 2449 der bedeutendſten Baum⸗
5324 2448 6177 2502 wollwaaren⸗Fabrik⸗Geſchäfte Berlins
5326 2503 6181 2564 ein tüchtiger Reiſender, welcher
5326 2561 6181 2619 Hannover, Oldenburg ꝛc. ſchon bereist
5327 2620 6182 2679 hat und in dieſen Ländern bekannt iſt.
5387 2677 6184 2733 Adreſſen sub W. F. Nr. 4.
5327 2735 6182 2801 nimmt die Expedition dieſer Zeitung
5326 2797 5530 2849 entgegen.
4679 3950 5035 4008 Auszug
4430 4009 5279 4064 aus dem Plan zur Ausſpielung von
4429 4065 5281 4119 Kunſtgegenſtänden zum Beſten noth⸗
4507 4121 5197 4175 leidender Schleswig⸗Holſteiner.
5376 2874 6187 2922 Ein junges Mädchen von 18 Jahren aus
5328 2921 6185 2969 guter Familie ſucht unter beſcheidenen An⸗
5328 2966 6185 3019 ſprüchen eine Stelle als Stütze der Hausfrau
5328 3014 5791 3058 oder in ähnlicher Weiſe.
4806 4179 4895 4218 §. 1.
4473 4221 5280 4266 Es werden 500,000 Looſe zum Preiſe von
4429 4271 4824 4314 15 Sgr. ausgegeben.
857 6041 1654 6098 Kalter flüſſiger Leim von S.
798 6098 1654 6153 Dumoilin à Paris zum Leimen
798 6157 1657 6214 und Kitten aller Arten von Gegen⸗
798 6214 1580 6269 ſtänden traf ſo eben friſch ein bei
969 6272 1611 6386 C. P. Sontag,
1044 6387 1534 6437 Gr. Packhofſtr. 16 A.
5374 3059 5841 3103 Nähere Nachricht ertheilt
5588 3107 6052 3154 M. W. Ebeling,
5442 3153 6188 3204 Hannover, Neue Hildesheimerſtr. 8.
4809 4316 4898 4356 §. 2.
4474 4359 5279 4404 Jedes 11te Loos, ſofern darauf nicht einer
4431 4405 5279 4449 der unten bemerkten Hauptgewinne fällt, ge⸗
4431 4452 5278 4494 winnt ein Oelfarbendruckbild im Werthe von
4431 4498 5279 4545 2½ Thaler bis 9 Thaler Ladenpreis. Es
4431 4544 5279 4588 werden im Ganzen 45,454 Gewinne aus⸗
4431 4595 4577 4639 gegeben.
3564 5106 4378 5152 NB. Die geehrten Damen wollen ſich, wie
3522 5154 4376 5197 bisher, nur an Frau Directorin Schwarz
3523 5204 3666 5235 wenden.
5330 3230 5522 3317 ☛
5591 3225 6187 3272 Zu Oſtern d. J. wird für einen
5547 3270 6188 3321 bürgerlichen Haushalt eine per⸗
5329 3316 6187 3368 ſecte Köchin geſucht, die wo möglich die ſelb⸗
5329 3362 6188 3416 ſtändige Führung desſelben mit überneh⸗
5330 3408 5518 3451 men muß.
3564 5282 4376 5327 London. Gebildete Deutſche finden
3516 5328 4378 5373 ein billiges Unterkommen in der Familie eines
3519 5374 4379 5419 deutſchen Lehrers in London, Haus und
3518 5421 4381 5467 Garten liegen in einem der ſchönſten und ge⸗
3517 5467 4385 5513 ſundeſten Squares von Weſtend, Hollandspark
3518 5514 4387 5560 gegenüber, dicht an einer der Hauptſtraßen.
3518 5561 4387 5606 Erziehenden Perſonen kann der Einſender
3519 5606 4387 5655 durch ſeine Stellung und ausgedehnte Be⸗
3519 5652 4391 5702 kanntſchaft ſehr nützlich werden. Näheres auf
3520 5701 4317 5747 frankirte Anfragen in der Exped. d. Ztg.
5375 3456 6184 3510 Frankirte Anerbietungen ſind unter Chiffre
5329 3499 6114 3552 D. Z. poste restante Celle zu richten.
1711 6143 2134 6187 Huftweh, Schulterweh,
1735 6189 2126 6233 Hexenſchuß ꝛc. . . . .
5375 3573 6182 3618 In einem hieſigen Manufactur⸗ und Mode⸗
5329 3618 6178 3673 waarengeſchäft können zu Oſtern zwei Lehr⸗
5332 3667 6180 3719 linge placirt werden. Gefällige Offerten
5332 3714 6187 3766 beſorgt die Expedition dieſer Zeitung unter
5332 3758 5614 3801 der Chiffre X.
4475 4636 5279 4681 Dieſe Gewinne beſtehen aus 45,431 Oel⸗
4432 4683 5278 4730 farbendruckbildern und 23 größeren Haupt⸗
4432 4729 5281 4778 gewinnen, welche in Coburg fabricirt werden.
4432 4777 5055 4820 Die Hauptgewinne beſtehen aus:
2246 6055 2309 6089 Ge⸗
2235 6101 2323 6143 heilt.
1712 6236 2138 6278 complete und incom⸗
1734 6281 2134 6325 plete Lähmungen, aus⸗
1736 6327 2140 6373 gehend von den Cen⸗
1736 6374 2137 6417 tral⸗Organen . . . . .
2325 6055 2440 6096 Gebeſ⸗
2348 6100 2418 6143 ſert.
2155 6195 2195 6225 16
849 6468 1616 6514 In allen Buchhandlungen iſt zu haben:
1201 6526 1267 6563 Die
860 6571 1602 6691 Stärkung der Nerven
808 6735 1663 6792 Kräftigung des Geiſtes und zur Hebung
1211 6689 1263 6723 als
844 6792 1617 6845 körperlicher Leiden des Menſchen.
807 6859 1667 6918 Ein Rathgeber für Nervenleidende
805 6919 1665 6964 und Alle, welche geiſtig friſch und körperlich
854 6965 1619 7013 geſund bleiben wollen, von Dr. A. Koch
805 7012 1667 7057 Naumburg, F. Regel. 9. Auflage. Preis br.
1155 7057 1328 7102 7½ Ngr.
2453 6054 2548 6092 Ohne
2440 6100 2569 6145 Erfolg.
2268 6196 2309 6226 15
4477 4822 5280 4871 Einem Hauptgewinne im Werthe von
4431 4868 5278 4914 3000 Thalern. (Allegoriſche Darſtellung
4433 4914 5266 4960 von Schleswig⸗Holſtein; zwei Geſtal
4435 4961 5279 5008 ten in getriebenem Silber mit zahl⸗
4433 5010 4785 5051 reichen Allegorien.)
5334 3836 5528 3923 ☛
2382 6197 2397 6226 1
2163 6377 2205 6408 16
2475 6212 2515 6218 —
2299 6378 2320 6409 8
5588 3831 6191 3877 Ein junges Mädchen von aus⸗
5542 3878 6194 3923 wärts ſucht auf Oſtern eine Stelle
5335 3922 6188 3977 als Haushälterin oder zur Unterſtützung der
5334 3969 6189 4021 Hausfrau in einem ſtillen Haushalt, am
5332 4016 6191 4063 liebſten auf dem Lande. Dasſelbe iſt aller
5333 4061 6192 4110 weiblichen Handarbeiten kundig, und würde
5332 4105 6188 4161 ſich auch gern der Aufſicht, Erziehung und
5330 4152 6187 4204 dem Unterrichte der Kinder unterziehen.
5327 4195 6184 4252 Offerten unter F. R. 913. brſorgt die Ex⸗
5326 4243 5774 4288 pedition dieſer Zeitung.
1714 6421 2142 6465 fortſchreitende Atrophie
1737 6467 2138 6509 im 62. Jahre . . . .
2390 6380 2410 6410 6
2505 6381 2525 6411 2
4480 5053 5282 5102 Einem Hauptgewinn im Werthe von
4436 5101 5281 5147 1000 Thlrn. Ein Pokal aus getriebenem
4435 5147 5285 5190 Silber mit einem Relief, darſtellend die Schlacht
4435 5194 4811 5236 bei Eckernförde.)
1713 6514 2134 6557 Neuralgieen . . . . .
3524 5781 4385 5862 Hôtel zum Hof von England
3749 5859 4169 5934 Göttingen.
3573 5944 4385 5990 Wagen bei Ankunft der Züge ſtets am
3527 5991 3872 6036 Bahnhof empfiehlt
3930 6034 4329 6086 F. Dörrien.
2188 6469 2205 6499 1
1716 6560 2141 6605 Exſudate nach Luxatio⸗
1740 6604 2139 6648 nen, Contuſionen,
1739 6652 2135 6696 Entzündung . . . . .
2278 6486 2321 6492 —
2370 6486 2411 6492 —
5327 4317 5519 4403 ☛
4481 5239 5286 5289 Einem Hanptgewinn im Werthe von
4435 5286 5287 5333 500 Thaleru. Die Germania aus ge⸗
4437 5334 4892 5375 triebenem Silber.)
2182 6516 2204 6546 4
2508 6471 2524 6500 1
2297 6515 2318 6546 3
2184 6653 2205 6684 8
5578 4313 6179 4366 Ein Studiosus theol. et phil.,
5532 4360 6180 4409 welcher 6 Semeſter ſtudirt hat,
5332 4403 6184 4455 ſucht auf Oſtern eine Stelle als Hauslehrer
5330 4452 6196 4498 oder als Lehrer an einer ſtädtiſchen Schule.
5330 4497 6190 4550 Offerten unter H. S. 506. beſorgt die
5330 4544 5822 4592 Expedition dieſer Zeitung.
1716 6700 2141 6741 Veitstanz . . . . . . .
2391 6517 2407 6545 1
2297 6654 2319 6685 4
2481 6534 2524 6539 —
1717 6745 2142 6789 Paralysis agitans in
1742 6792 2140 6835 den 60ger Jahren . .
4482 5379 5290 5428 Zwanzig Hauptgewinnen im Werthe von
4437 5426 5292 5477 je 100 Thlrn. (5 goldene Uhren, 5 Paruren
4439 5473 5294 5521 für Damen, 5 goldene Doſen, 5 Brillant⸗
4440 5524 4559 5568 ringe.)
2390 6654 2412 6685 4
2485 6671 2525 6676 —
2192 6700 2207 6730 1
5328 4620 5520 4705 ☛
1719 6838 2137 6874 Rückendarre . . . . . .
3631 6117 4261 6195 Am 1. Februar a.  c.
3526 6197 4383 6244 Ziehung 1. Klaſſe 133. Osnabrücker Lotterie,
3529 6246 4388 6292 wozu noch ganze und halbe Looſe beſtens
3530 6291 3690 6335 empfiehlt
3638 6339 4330 6394 die Hauptcollection von
3781 6395 4221 6491 B. Magnus.
2280 6717 2324 6723 —
2189 6793 2210 6824 2
1720 6882 2138 6926 Stimmloſigkeit . . . .
2396 6701 2412 6730 1
2280 6809 2325 6816 —
5580 4615 6192 4670 Ein junger Mann, welcher ſich
5535 4661 6192 4714 durch gute Zeugniſſe empfehlen
5328 4704 6191 4755 kann, findet ein Engagement in einer Wein⸗
5330 4752 6196 4807 handlung für Comptoir⸗Arbeiten ſowie auch
5329 4797 5589 4841 als Reiſender.
5377 4844 6199 4895 Die Expedition d. Ztg. beſorgt unter Litt.
5332 4887 5959 4939 X. Z. №. 12 franco Näheres.
4824 5567 4914 5609 §. 3.
4490 5612 5297 5657 Wiederverkäufer der Looſe erhalten auf
4444 5659 5296 5703 10 Looſe ein Freiloos, außerdem wird
4444 5704 5296 5750 an Engros-Verkäufer, welche wenigſtens
4442 5751 5297 5796 100 Looſe auf einmal nehmen, ein Rabatt
4442 5796 5297 5840 von 4 pCt., beſtehend in ferneren vier
4443 5842 4907 5888 Freilooſen, gewährt.
2486 6717 2529 6722 —
1766 6929 2577 6974 Ein im Vergleich zum vorigen Jahre bedeu⸗
1720 6975 2571 7019 tend größeres Contingent liefern die läh⸗
1720 7022 2570 7067 mungsartigen Zuſtände und Schwächekrank⸗
1721 7068 2577 7113 heiten, die auf einer Affection der Central⸗
1723 7114 2578 7158 organe beruhen. Ein Fall von Hüftweh mit
1722 7160 2579 7203 Krämpfen im Fuße, als Ueberbleibſel eines
1723 7207 2578 7249 im Jahre 1835 überſtandenen acuten Rheu⸗
1725 7253 2579 7299 matismus wurde vollſtändig geheilt. Ueber
1726 7298 2577 7343 die zahlreichen Fälle von Zahn⸗ und Kopf⸗
1724 7345 2578 7389 ſchmerz, Rheumatismus ꝛc., namentlich wenn
1726 7391 2577 7436 vorher noch keine Behandlung mit anderen
1726 7435 2579 7480 Mitteln ſtattgefunden, erwähne ich nur, daß
1725 7483 2579 7529 ſie meiſtens einer einmaligen Behandlung
1715 7527 2580 7573 wichen. Derartige Heilreſultate, die meiſtens
1726 7573 2580 7621 raſch und ſchmerzlos herbeigeführt werden,
1727 7621 2577 7667 entheben mich aller weiteren Aeußerungen
1725 7667 2575 7712 über den Nutzen der galvaniſchen Be⸗
1727 7716 1913 7762 handlung.
2372 6809 2417 6817 —
855 7115 1667 7162 Eiu iu tanſenden von Fällen
809 7161 1669 7211 erprobtes und in dieſen ſtets als
809 7207 1669 7253 vollkommen bewährt befnndeues
814 7253 1670 7302 Verfahren, theilt dieſe Schrift allen an
813 7301 1672 7348 Nervenübeln Leidenden mit, ſie allein zeigt
810 7347 1672 7397 ihnen einzig möglichen Weg zur ſichern
812 7393 1005 7441 Geneſung.
2189 6840 2205 6869 1
2511 6793 2530 6824 2
2280 6856 2320 6862 —
2188 6886 2208 6915 2
2395 6840 2410 6870 1
2306 6887 2321 6915 1
2485 6855 2528 6861 —
2372 6902 2416 6908 —
2512 6885 2523 6916 1
5378 5021 6189 5074 Scharmbeck, 21. Januar 1864. Sanft
5335 5068 6191 5119 entſchlief dem gnadenvollen Schöpfer geſtern
5333 5116 6194 5167 Abend 6¼ Uhr, nach langem Leberleiden,
5335 5162 6192 5215 meine innigſt geliebte Gattin und unvergeß⸗
5336 5209 6198 5253 liche Mutter unſerer acht lieben Kinder. Um
5337 5254 6197 5307 Theilnahme unſeres dadurch ſo hart, hart
5339 5301 6200 5354 getroffenen Schlags bitten wir unſere zahl⸗
5341 5348 6032 5389 reichen Verwandten und Bekannten.
4823 5890 4915 5930 §. 5.
4487 5932 5295 5980 Der ſich nach dem ungefähreren Anſchlag
4443 5980 5295 6025 ergebende Reingewinn, von circa
4442 6025 5296 6072 80,273 Thalern, wird nach dem Schluß der
4444 6073 5294 6117 Lotterie einem aus Schleswig⸗Holſteinern
4445 6118 5298 6167 beſtehenden Comite Behufs beſtimmungs⸗
4446 6166 5078 6213 gemäßer Verwendung ausgezahlt.
3529 6534 4382 6683 Handwerker und Fabrik-
3647 6580 3891 6617 arbeiter
3642 6634 4390 6673 aller Branchen werden für’s In- und
3645 6680 4390 6724 Ausland nachgewiesen und können
3642 6727 4388 6771 Engagements erhalten durch J. Hol-
3641 6773 4389 6818 lander & Co. Allg. Commissions-
3642 6818 4389 6869 und Vermittelungs-Geschäft — ge-
3642 6866 4261 6914 gründet 1856 — in Hamburg.
5535 4964 5978 5027 Todes⸗Anzeige.
810 7485 1669 7533 Das Organ des Bundesausſchuſſes der
842 7532 1630 7578 vereinigten norddeutſchen Lieder⸗
1168 7577 1305 7621 tafeln
872 7636 1613 7728 Die neue Sängerhalle
1064 7738 1417 7780 herausgegeben von
808 7783 1669 7835 Müller von der Werra
1023 7852 1470 7897 (Preis jährlich 2 Thlr.)
816 7911 1673 7958 iſt zu beziehen durch die Buchhandlung von
897 7961 1679 8057 Schmorl & v. Seeſeld
1123 8060 1424 8106 in Hannover,
1050 8107 1492 8152 Bahnhofſtraße 14.
4829 6214 4919 6256 §. 6.
4492 6258 5298 6303 Die Ziehung der Ausſpielung findet im
4447 6305 5299 6349 Laufe des Jahres 1864 ſtatt und wird durch
4446 6352 5300 6399 mehre Zeitungen ſeiner Zeit der Ziehungs⸗
4445 6397 5296 6445 tag näher bekannt gemacht. Die Ziehung
4446 6445 5301 6493 ſelbſt geſchieht in Coburg unter obrig⸗
4446 6490 5301 6539 keitlicher Aufſicht in der Weiſe, daß
4448 6538 5170 6582 alle Gewinne einzeln gezogen werden.
4493 6584 5303 6629 Die Veröffentlichung der gedruckten Ge⸗
4450 6631 5303 6679 winnliſte ſoll ſpäteſtens 14 Tage nach be⸗
4451 6678 4950 6722 endigter Ziehung erfolgen.
2671 7185 3485 7235 Für complet, neu und tadellos wird garan⸗
2625 7231 3485 7283 tirt. Nicht Convenirendes wird bereitwilligſt
2627 7277 3483 7325 gegen Franco⸗Rückſendung umgetauſcht. Be⸗
2626 7324 3483 7376 ſtellungen über 5 Thlr. erhalten zur Deckung
2627 7370 3195 7417 des Portos eine Gratiszulage.
5393 5622 6208 5665 Uelzen, den 20. Januar 1864. Am
5350 5668 6206 5714 17. d. M., Mittags 12 Uhr, endete nach
5347 5714 6212 5764 9tägigem Krankenlager ein ſanfter und ruhi⸗
5348 5759 6209 5813 ger Tod die irdiſche Laufbahn unſerer guten
5348 5805 6207 5855 Schweſter und Schwägerin Johanne Lüde⸗
5346 5851 6209 5903 ritz im 43. Lebensjahre, welches wir theil⸗
5347 5899 6210 5948 nehmenden Freunden und Bekannten hiermit
5346 5944 5955 5994 tiefbetrübt zur Anzeige bringen.
5541 5562 5986 5622 Todes⸗Anzeige.
2671 7416 3062 7461 Nur zu beziehen von
2782 7463 3315 7578 J. B. Levy
2692 7577 3436 7653 in Bockenheim bei
2830 7658 3287 7737 Frankfurt a. M.
5828 5398 6063 5445 Tief gebeugt
5794 5445 6099 5493 P. S. Feiſt
5836 5494 6068 5533 und Kinder.
1773 7758 2578 7805 Schließlich benutze ich hier gern die Ge⸗
1727 7805 2582 7855 legenheit, denjenigen Herren Aerzten, die ſo⸗
1726 7850 2578 7898 wol im Intereſſe der Wiſſenſchaft als auch
1725 7896 2576 7945 meiner Anſtalt mir Patienten zugeſandt haben,
1727 7945 2394 7990 öffentlich meinen Dank abzuſtatten.
5423 5990 6206 6047 Gerichtsvoigt Gebhardt und Frau
5669 6039 5972 6088 geb. Lüderitz.
4836 6726 4925 6768 §. 7.
4494 6759 5305 6820 Ein aus achtbaren Bürgern Coburgs be⸗
4454 6817 5307 6866 ſtehendes Comite überwacht die plan⸗
4451 6862 5307 6913 mäßige Ausführung der Ausſpie⸗
4452 6911 5308 6961 lung und den Loosverkauf und ſteht
4452 6957 5309 7007 dem Staatsminiſterium gegenüber für die
4452 7002 5306 7054 gewiſſenhafte Durchführung des Spielpla⸗
4451 7049 4600 7087 nes ein.
5390 6166 6198 6223 Geboren. 18. Jan.: Dr. Hotzen zu
5345 6212 5736 6254 Bremerhaven ein S.
1773 7994 2035 8034 Januar 1864.
1840 8034 2581 8104 Öhlrich, Dr., Sanitätsrath
2013 8106 2361 8151 Ferdinandſtraße 5.
5471 6109 6100 6168 Familien⸗Nachrichten.
2735 7798 3366 7869 Aerztliche Anzeige.
5391 6259 6194 6309 Geſtorben. 21. Jan.: Generalin
5345 6306 6201 6361 von Witzendorff, geb. Dufour, zu Hannover.
5344 6351 6193 6404 Poſtſecretär Foertſch T. zu Hildesheim, 3 W.
3539 7465 3733 7554 ☛
2681 7878 3488 7925 Dr. Eduard Meyer in Berlin,
2633 7925 3490 7971 Krauſenſtraße 62, wird fortfahren Auswär⸗
2634 7971 3488 8015 tige brieflich zu behandeln, die ihre durch
2636 8016 3489 8066 geſchlechtliche Urſachen jeder Art geſchwächte
2637 8062 3490 8113 Geſundheit bald und dauernd wieder befe⸗
2635 8109 2889 8154 ſtigen wollen.
3793 7458 4399 7503 Auf Oſtern oder Johannis kön⸗
3746 7507 4398 7549 nen in einer Oekonomie wieder
3541 7551 4396 7599 zwei junge Damen zur Erlernung des Land⸗
3541 7598 4396 7651 haushalts in der Familie freundliche Auf⸗
3541 7643 3803 7684 nahme finden.
3585 7688 4398 7746 Näheres in der Expedition dieſer Zeitung
3542 7733 3947 7780 unter Chiffre N. O.
5393 6437 6147 6500 Kirchenzettel am 24. Januar.
4838 7102 4928 7143 §. 8.
4523 7143 5304 7191 Das Comite wird insbeſondere dahin
4454 7189 4852 7237 Fürſorge treffen, daß
5348 6541 6196 6592 — Marktkirche. 9½ Uhr Senior Bödeker.
5395 6494 6189 6546 Schloßkirche. 11 Uhr Paſtor Buſch.
5351 6587 6199 6640 1½ Uhr Paſtor Grotefend. — Egidien⸗
5349 6635 6202 6683 kirche. 9½ Uhr Paſtor Müller. 1½ Uhr
5351 6682 6209 6729 Paſtor Flügge. — Neuſtädter Kirche.
5351 6725 6213 6774 9½ Uhr Paſtor Hölty. 1½ Uhr Paſtor
5353 6775 6213 6820 Jordan. — Kreuzkirche. 9½ Uhr Paſtor
5352 6821 6212 6865 Richter. 1½ Uhr Paſtor Freitag. — St.
5353 6864 6206 6909 Nicolai⸗Capelle. 9½/ Uhr öffentliche
5354 6911 6207 6953 Communion. Beichte 9 Uhr. Paſtor Hoyer.
5356 6955 6208 7003 1½ Uhr derſelbe. — Garniſonkirche.
5351 7001 6209 7044 9 Uhr Paſtor Kahle. 10½ Uhr Garniſon⸗
5351 7047 6225 7092 prediger Dr. Hoffmann. 1½ Uhr Feldprobſt
5352 7092 6209 7140 Reinecke. — Gartenkirche. 9½ Uhr
5349 7139 6212 7184 Paſtor Evers. 1½ Uhr Paſtor Friedrich. —
5350 7184 6214 7234 Lindener Kirche. 9½ Uhr Paſtor Meyer.
5349 7231 6217 7279 1½ Uhr Paſtor Nolte. — Reformirte
5347 7276 6210 7325 Kirche. 9½ Uhr Paſtor Althaus ſen. —
5348 7322 6213 7373 Katholiſche Kirche. 8 Uhr Homilie:
5348 7369 6220 7420 Capl. Bettels. 9½ Uhr Predigt: Paſtor
5349 7416 6223 7468 Schlaberg. 10 Uhr Hochamt: Capl. Schmitz.
5349 7462 6220 7511 2 Uhr Chriſtenlehre: Capl. Bettels. —
5348 7508 6213 7559 Baptiſten⸗Gemeinde (Oſterſtraße 23, im
5348 7554 6216 7609 Hofe). Vormittags 9 ½ und Nachmittags
5349 7601 5472 7643 5 Uhr.
4500 7234 5303 7285 a. die zur Verlooſung kommenden Oel⸗
4455 7282 5299 7325 druckbilder und die anderen Induſtriegegen⸗
4456 7326 5303 7374 ſtände den im Ausſpielungsplane angegebe⸗
4455 7374 5301 7420 nen Werth auch wirklich darſtellen, beziehungs⸗
4455 7419 5302 7468 weiſe, daß Bilder und dergleichen Induſtrie⸗
4457 7465 5303 7516 gegenſtände, welche neu bezeichneten Werth
4457 7510 5304 7558 nach dem Gutachten Sachverſtändiger nicht
4457 7557 5303 7606 haben ſollten, von der Ausſpielung ausge⸗
4456 7609 4769 7656 ſchloſſen bleiben;
3541 7838 3734 7923 ☛
3795 7832 4397 7879 Ein junges Mädchen, welches
3750 7879 4397 7924 einem kleineren Haushalte bereits
3542 7925 4399 7979 vorgeſtanden, ſucht zu weiterer Ausbildung —
3544 7971 4401 8022 ohne Anſpruch auf Salair — Stelle auf
3543 8018 4396 8061 einem Gute oder einer Domaine. — Die
3542 8064 4398 8118 Exp. d. Ztg. nimmt mit Z. Z. gezeichnete
3540 8110 3879 8159 Offerten entgegen.
4501 7649 5302 7695 b. die für den Loosverkauf eingehenden
4456 7694 5304 7743 Gelder ſicher deponirt und ſtreng planmäßig
4455 7743 5305 7787 verwendet, inſonderheit hieraus nur die nach⸗
4457 7789 5307 7837 gewieſenen Koſten der Ausſpielung und die
4454 7835 5307 7882 ſtipulirten Anſchaffungspreiſe für die zur
4454 7883 5307 7929 Ausſpielung kommenden Gegenſtände gezahlt
4454 7929 5307 7974 und alle Ueberſchüſſe und Erſparniſſe an den
4452 7976 5308 8022 planmäßigen Voranſchlägen zum Beſten der
4454 8023 5310 8070 Schleswig⸗Holſteiner reſervirt und abgewährt
4453 8071 5309 8123 werden, auch die geſchehene Abgewährung
4449 8116 5079 8166 öffentlich bekannt gemacht werde.
5395 7719 6212 7772 Sonntag, 24. Jan. (13. Vorſt. im 6 Ab.):
5351 7766 6211 7818 Hans Heiling. Oper in 3 Acten und
5353 7816 6211 7869 einem Vorſpiel von H. Marſchner. Heiling —
5351 7862 5906 7912 Herr Robinſon, als Gaſt.
5400 7911 6208 7960 Montag, 25. Jan. (14. Vorſt. im 6. Ab.):
5353 7956 6205 8009 Die Niebelnngen. Trauerſpiel in 5 Acten
5354 8007 6206 8058 und einem Vorſpiel, von F. Hebbel. Anfang
5355 8052 5526 8100 6½ Uhr.
5440 7663 6140 7723 Königliches Hoftheater.
5564 8127 6161 8176 Druck von Wilh. Riemſchneider.
3534 6911 4390 6960 ☛ Um diese Vermittelung — die dem
3688 7376 4130 7416 franco erbeten. D. O.
3690 7331 4391 7373 mulare gratis. Briefe werden
3690 7283 4396 7332 führung des Auftrages 10 Sgr. For-
3691 7237 4395 7283 meldung 5 Sgr. und nach Aus-
3692 7191 4391 7230 Arkeitsnehmer zahlen bei der An-
3689 7145 4391 7193 gestellt, nämlich: Arbeitsgeber und
3691 7099 4390 7145 auf’s Einfachste und billigste fest-
3690 7046 4390 7101 möglichen, sind die Bedingungen
3691 7010 4393 7051 punctes entsprungen — allen zu er-
3690 6959 4395 7005 Bedürfniss eines derartigen Central-
