5881 8263
133 308 5450 808 Zeitung für Norddeutſchland.
154 808 1120 857 Dieſe Zeitung erſcheint täglich, Mittags, außer
561 858 736 902 Sonntag.
438 1088 839 1130 deren Raum 1¼ Gr.
153 923 1113 972 Abonnements⸗Preis vierteljährlich praenumerando
495 974 781 1016 1 Thlr. 15 Gr.
150 1037 1119 1086 Inſertions⸗Gebühr die geſpaltene Petit⸗Zeile oder
149 1220 728 1343 Nr. 4240.
262 1472 1126 1540 Telegraphiſche Depeſchen.
153 2014 1342 2066 mächten die freundſchaftlichſten ſeien und ſich intim
135 1553 1348 1608 * Wien, (Dienstag) 25. Nov. In der heutigen
171 1727 1346 1779 Rechberg, eine Verminderung der Rüſtungen könne nicht
159 1900 1345 1950 die äußere Lage. Graf Rechberg entgegnete, daß die
163 1785 1344 1836 zelt, müſſe vielmehr gleichzeitig im Einverſtändniß mit
231 1614 1349 1663 des Unterhauſes wurde das Budget für 1863 dis⸗
227 1671 1351 1721 Gelegentlich der Discuſſion des Kriegsbudgets erklärte
229 1844 1341 1900 Mächten erfolgen. Kuranda verlangte Aufklärung
173 1956 1348 2010 ungen zu Frankreich, England und zu den übrigen
1403 2146 2573 2193 das ſchöne Lied bleiben, das mit der Strophe beginnt:
1410 1456 2709 1509 des Königs erduldeten Leiden, mit einſeitiger Hartnäckigkeit
1410 1514 2707 1567 auf die Wiederherſtellung der gewaltſam auſgehobenen alten,
1408 1572 2703 1624 und man darf allerdings ſagen, veralteten Landesverfaſſung
1410 1629 2703 1681 beſtanden; aber jedenfalls haben ſie durch ihre kernige Con⸗
1409 1689 2701 1738 ſequenz in gewichtigſter Weiſe dazu beigetragen, auch in den
1408 1744 2704 1795 übrigen deutſchen Stämmen das Rechtsbewußtſein zu ſtärken
1408 1803 2705 1853 und bei dieſen wie bei dem eigenen König die Achtung vor
1407 1859 2704 1910 der Mannhaftigkeit des herrlichen Schwabenſtammes zu er⸗
1408 1917 2702 1966 höhen. Von dieſem Erſolge fällt wieder Uhland ein ſehr er⸗
1406 1975 2702 2024 heblicher Theil des Verdienſtes zu. In Proſa wie in Verſen
1404 2032 2702 2081 kam er immer von Neuem auf „Das alte, gute Recht“ zu⸗
1404 2087 2699 2138 rück, und unvergeſſen, kräftig ſtets den Geiſt berührend, wird
156 2245 1342 2294 gar nicht annehmen könne, denn England würde als⸗
147 2647 518 2695 er entſchieden ab.
148 2416 1344 2467 Beſitz türkiſcher Provinzen zu ſetzen. Ueberhaupt würde
165 2531 1343 2581 franzöſiſchen Prinzen ihre Unbequemlichkeit haben. Die
163 2187 1341 2238 er Prinz Alfred die Wahl zum Könige von Griechen⸗
166 2302 1342 2352 zu wählen haben zwiſchen der Erhaltung der Türkei
157 2588 1343 2639 ning Poſt und der „Globe" lehnten die Erwählung
165 2358 1342 2410 er Unterſtützung der Miſſion des Königs Alfred, ſich in
167 2474 1344 2524 ahl ſowol eines ruſſiſchen, wie eines engliſchen oder
179 2125 1341 2183 London, (Dienstag) 25. Nov. Die „Times“ ſagt,
2494 950 3068 1056 Hannover.
2205 1127 3392 1179 Haupt⸗Expedition, Redaction und Buchdruckerei, Georgſtraße 3.
2305 1260 3337 1353 Mittwoch den 26. November
1678 2338 2188 2381 Das alte, gute Recht!
1685 2201 2258 2245 Wo je bei altem, gutem Wein
1681 2246 2152 2290 Der Württemberger zecht,
1681 2292 2328 2336 Da ſoll der erſte Trinkſpruch ſein:
1491 2385 2703 2435 Das Jahr 1819 fand Uhland als Vertreter des Ober⸗
1400 2900 2612 2950 die ſchönſten ſeiner unſterblichen Lorbeern erwachſen ſind.
1402 2442 2697 2493 amts Tübingen in der württembergiſchen Kammer, wo er
1401 2501 2701 2550 dann die Verfaſſung mitberieth und unterzeichnete. In den
1401 2557 2699 2607 folgenden Jahren würde er theils von ſeiner Vaterſtadt, theils
1401 2614 2695 2664 von der Hauptſtadt Stuttgart gewählt. Seine Thätigkeit
1402 2671 2697 2721 als Mitglied der Stände wurde fortan ſehr umfaſſend, und
1400 2729 2697 2778 deſſen was er gewirkt, darf ſein engeres Vaterland in um
1400 2780 2694 2835 ſo tieferer Dankbarkeit gedenken, als er es auf Koſten ſeiner
1401 2843 2694 2893 Schöpferkraft auf dem Gebiete erkaufen mußte, auf dem ihm
563 2839 807 2884 (Fortſetzung.)
480 2770 896 2826 * Ludwig Uhland.
100 5064 1337 5113 burt und Verdienſt in Vergleichung! Adelsvor⸗
139 3356 1340 3407 Schätze der mittelalterlichen Literatur in der kaiſerlichen
132 3753 1340 3806 Strafſachen zu referiren hatte. Der Dichter mit ſeinem
129 3814 1341 3864 reifer für Wahrheit und Recht Berichterſtatter in Dingen
125 3871 1341 3922 Juſtiz an den despotiſchen Friedrich I., der ſeinen heitern
117 3928 1339 3977 nannen den Fuß auf den Nacken hielt! Was braucht es
115 3984 1340 4034 noch der Verſicherung, daß Uhland unglücklich war! In
126 4040 1340 4090 That konnte er trotz aller Selbſtüberwindung nicht län⸗
128 4097 1340 4147 als bis zum Sommer 1814 in dieſer Stellung aushal⸗
149 4153 1338 4206 wo er ſie dann mit Erfahrungen verließ, die ſicherlich
96 5121 686 5172 theil ertragen wir nicht.“
111 4209 1344 4261 gnet waren, die jubelnde Erregung, mit der er jetzt den
106 4266 1341 4318 rgen der Befreiung des Vaterlandes hell aufgehen ſah,
133 4323 1343 4373 das äußerſte zu ſpannen. Am 11. Jan. 1815 verhieß
129 4379 1343 4432 tyranniſche, jetzt geängſtigte Monarch dem Lande eine
108 4551 1341 4598 den Blättern jene „Vaterländiſchen Gedichte“ in das Volk
118 4835 1340 4885 Volksvertreter wandte ſich Uhland mit einem Aufruf in
175 3300 1342 3348 Male die Heimath, um nach Paris zu gehen und dort
186 3471 1343 3522 ſeine Gedichtſammlung aufgenommenen altfranzöſiſchen
151 3585 1340 3636 land zurückgekehrt, trat Uhland auf den Wunſch ſeines
185 3699 1340 3749 in Stuttgart ein, wo er hauptſächlich an den König
140 4779 1340 4827 von Oben, Sprich Du vor unſeres Königs Ohr!“ An
142 5008 1338 5056 Gottes und Söhnen der Menſchen, man ſtelle nicht
198 2956 1340 3007 bezüglichen Felder der Gelehrſamkeit gerichtet, behielt
221 3013 1336 3064 indeſſen bei ſeinem Studium immer zugleich das
247 3070 1342 3121 Bedürfniß des Lebens, den Beruſ im Auge. Er
231 3127 1341 3179 ſich, wenn auch „gegen den Willen ſeines Herzens
257 3185 1341 3234 für die Rechtswiſſenſchaft, beſuchte von 1805—7 die
281 3242 1336 3292 und wurde dann Advocat. 1810 verließ er zum
266 3413 1340 3463 zu benutzen. Die Früchte ſeiner Arbeiten waren
229 3527 1339 3577 und ein Aufſatz über altfranzöſiſche Poeſie. In ſein
209 3643 1341 3694 im Dec. 1812 auf dem Bureau des Juſtizminiſte⸗
127 4436 1342 4488 ſtitution, am 25. Febr. wurde die Ständeverſammlung
262 4494 1342 4541 Das war der Moment, wo dann Uhland in flie⸗
176 4608 1341 4658 die noch heute jedes edlere Herz mit Begeiſterung er⸗
220 4665 1340 4714 An die Württemberger alle war das „Gebet eines
219 4722 1339 4773 bergers“ gerichtet: „Dein Wort, o Gott, iſt Donner⸗
237 4892 1339 4942 „Keine Adelskammer!“ worin er u. A. in ſeiner
232 4950 1338 5001 Sprache ſagte: „Man ſpreche uns nicht von Söh⸗
233 2899 1344 2949 Früh an tief innerlich auf die Dichtkunſt und die
3300 1584 3568 1628 (Schluß ſolgt.)
2772 1455 4072 1510 lebens im Volke ſich betheiligen müſſe, ſein Wirken ebenſo
2767 1512 4043 1567 beſtimmen ließ, wie durch ſeinen hehren Beruf als Dichter.
1486 2956 2699 3007 Die erſten fünf Jahre nach der Beendigung des großen
1401 3014 2699 3064 europäiſchen Krieges waren für das dichteriſche Schaffen
1400 3071 2697 3123 Uhland’s die fruchtbarſten geweſen. Die erſte Sammlung
1400 3128 2694 3179 ſeiner Gedichte war 1815 erſchienen, die zweite erſchien 1820
1399 4208 2475 4257 des Geiſtes, der ſie gebar, mächtig geholſen haben.
1399 3186 2696 3237 in ſehr ſtarker Vermehrung. Aber nicht blos die Lyrik er⸗
1400 3242 2694 3294 freute ſich auf dieſe Weiſe ſeiner dichteriſchen Kraft. Zugleich,
1401 3300 2696 3349 und mit vollſter Energie, ſchuf er auf dem Gebiete des Dra⸗
1401 3357 2695 3406 mas, und hier zeigte ſich noch umfangreicher, wie tief inner⸗
1401 3413 2694 3465 lich es den Dichter drängte, überall aus der lebendigen
1404 3470 2698 3522 Gegenwart heraus der großen Zwecke der Zukunft zu pflegen.
1400 3527 2699 3579 Hatte Uhland in ſeinen „Vaterländiſchen Gedichten“, angeregt
1400 3586 2698 3635 durch die Lage ſeines engeren Vaterlandes, zunächſt zu ſeinen
1403 3640 2698 3691 Württembergern geſprochen, ſo wandte er ſich mit den Dra⸗
1401 3699 2692 3749 men „Herzog Ernſt von Schwaben“ und „Ludwig der Baier“
1400 3756 2696 3806 an die ganze deutſche Nation. An den Geſchicken der Vor⸗
1400 3812 2697 3863 fahren ſollte ſie ſich für den Gedanken der Freiheit, Macht
1402 3870 2696 3920 und Größe des Vaterlandes erwärmen und zugleich die Tu⸗
1401 3927 2696 3977 genden erkennen, mit denen die verlorenen Güter zurückzuge⸗
1399 3985 2696 4034 winnen. An dichteriſchem Werth ſtehen dieſe dramatiſchen
1400 4041 2696 4093 Schöpfungen den Erzeugniſſen von Uhland’s lyriſcher Muſe
1399 4097 2698 4146 nicht gleich; darum aber  nicht weniger wird die Nachwelt an⸗
1398 4152 2693 4206 erkennen müſſen, daß ſie zur Stärkung und Verbreitung
2763 3527 4055 3580 Schule zu ſchicken“, alſo, wenn es ja zu einem Einſchreiten in
2763 3641 3619 3704 gegen das kurheſſiſche Volk hinauslaufen.
2755 3580 4053 3637 Kurheſſen kommen ſollte, ſo würde dies auf eine Execution
2764 2560 4064 2609 das Schreiben auch enthalten mag: es wird vorausſichtlich
2765 2617 4061 2665 ohne Wirkung bleiben, da man in Kaſſel eben ſo gut wie
2766 2671 4061 2724 hier weiß, daß die Partei, auf welche ſich unſer Miniſterium
2766 2730 4064 2780 ſtützt und mit der zu brechen es nicht mehr in der
2745 2787 4061 2841 Lage iſt, der von Haſſenpflug eingeleiteten Politik von
2760 2844 4059 2895 jeher hold geweſen und im Herzen noch iſt. Dieſe
2738 2899 4060 2953 Partei wird es zwar nicht wagen, einem energiſchen
2762 2958 4062 3009 Eingreifen, wozu die Verwickelung etwa führen könnte,
2761 3016 4060 3065 ſich offen zu widerſetzen, aber wenn es ja zu ſolchem Ein⸗
2760 3072 4054 3124 greiſen kommen ſollte, ſo würde ſie die Dinge ſo zu wenden
2758 3129 4054 3179 wiſſen, daß das Einſchreiten ſich unter der Hand zu einem
2763 3187 4060 3236 Einſchreiten gegen die Vertheidiger der Verfaſſung ge⸗
2757 3243 4049 3294 ſtalten würde. Schon jetzt plaidiren die Reactionsorgane
2760 3300 4059 3351 gegen die „Spielereien“ etwaiger „neuer Steuerverweigerun⸗
2760 3358 4055 3407 gen“ in Kurheſſen. „Wollen die Unruheſtifter in Heſſen die
2753 3414 4056 3464 Verwaltung unmöglich machen, ſo ergeht an Preußen die
2756 3468 4054 3523 Aufforderung, die Böswilligen in eine zügelfeſte adminiſtrative
2953 1814 4074 1869 Berlin, 25. Nov. (Action gegen Kurheſſen.
2765 1874 4070 1924 Zur Situation.) Die Lähmung jeder politiſchen Action
2770 1930 4069 1982 nach außen, welche die gegenwärtige Regierung etwa verſuchen
2769 1988 4066 2038 möchte, wird ſich zunächſt offenbaren, wenn, wie es heißt,
2767 2046 4067 2095 energiſche Schritte in der kurheſſiſchen Angelegenheit verſucht
2767 2103 4063 2153 werden ſollten. Die beiſpielloſe Rückſichtsloſigkeit, mit welcher
2765 2159 4061 2210 in Kaſſel die kaum eingeleitete Herſtellung verfaſſungsmäßiger
2763 2216 4061 2279 Zuſtände wieder ins Stocken gebracht worden, hat natürlich
2763 2275 4063 2325 in unſeren eigentlichen Regierungskreiſen empört; und es iſt
2763 2330 4062 2382 Thatſache, daß am Sonntag Abend, da die diplomatiſchen
2763 2388 4062 2438 Beziehungen mit Kaſſel noch nicht wieder hergeſtellt ſind,
2763 2445 4057 2494 ein Feldjäger mit einem directen Schreiben des Miniſterpräſi⸗
2761 2502 4057 2553 denten an die kurfürſtliche Regierung abgegangen iſt. Was
3056 1737 3762 1792 Deutſchland.
4409 823 5242 868 Agenturen zur Annahme von Anzeigen ꝛc.
4304 868 5071 913 Berlin: A. Retemeyer, Kurſtraße 50.
4287 1143 5246 1191 Paris: E. Bernau. 29 Rue des bons Enfants.
4305 915 4770 949 Bremen: E. Schlotte.
4304 960 5255 1005 Hamburg u. Altona: Haasenstein & Vogler
4304 1006 5031 1052 Harburg: Elkan'ſche Buchhandlung.
4304 1051 5314 1098 Kaſſel: G. Württenberger, Buch⸗ u. Kunſthandl.
4306 1098 5337 1134 London: Heilbronn & Pellatt. 15 Fish-Street Hill.
4127 2718 5424 2776 ohne daß eine ſolche Demonſtration bisher auch nur angeregt
4145 1460 5438 1515 und gegen die Verfaſſung einen officiellen Rückhalt zu geben,
4147 1519 5441 1572 wird die Urheber desſelben ſchwerlich befriedigen. So weit
4146 1576 5439 1629 ſich, ſchreibt die „N.⸗Z.“, bis jetzt die Erfolge überſehen laſſen,
4141 1634 5440 1687 liefern ſie nur den ſchlagenden Beweis für die Hohlheit die⸗
4141 1691 5437 1745 ſer ganzen Agitation. Sobald ſie über den perſönlichen
4143 1747 5438 1803 Einfluß einer gewiſſen Zahl von Kreismagnaten hinauszu⸗
4143 1805 5437 1860 ſchreiten und in irgend einer Corporation feſteren Boden zu
4142 1862 5436 1915 faſſen ſucht, wird ſie zu Schanden. Trotz ihrer durchaus
4129 2777 4354 2824 worden iſt.
4140 1920 5439 1974 feudalen Zuſammenſetzung haben ſich ſelbſt die Provinzial⸗
4137 1977 5431 2030 landtage dem großen Theatercoup des Herrn Wagener nicht
4137 2033 5432 2086 dienſtbar machen laſſen, mit einziger Ausnahme des pommer⸗
4136 2091 5433 2145 ſchen, der unter Proteſt der meiſten ſtädtiſchen Abgeordneten
4134 2146 5429 2199 die gewünſchte Muſteradreſſe geliefert hat. Das Werk des
4136 2205 5432 2275 brandenburgiſchen war ſo farblos, daß ſelbſt die Abgeordne⸗
4133 2262 5430 2316 ten Berlins unterzeichnet haben. Um ihr irgend eine Be⸗
4132 2321 5430 2376 deutung zu geben, mußte Graf Arnim bei der Ueberreichung
4132 2376 5430 2432 den eigenthümlichſten Gebrauch von ſeiner Stellung als
4129 2431 5432 2495 Landtagsmarſchall machen. Ebenſo leidet die ſchleſiſche
4132 2490 5426 2544 Adreſſe an einer Charakterloſigkeit, welcher die Schwäche des
4127 2548 5428 2600 feudalen Anlaufs bekundet. Aus Sachſen iſt Näheres noch
4127 2604 5428 2660 nicht bekannt, dagegen haben die Provinziallandtage in Preu⸗
4127 2660 5427 2718 ßen, Poſen, Weſtfalen und Rheinland ihre Arbeiten begonnen,
1433 4266 2695 4314 War bis zu den 20er Jahren der ſchöpferiſche Trieb auf
1398 5293 2682 5346 Schwab, Juſtinus Kerner, den beiden Phizer, Karl Mayer,
1399 4321 2692 4373 dem Gebiete der Dichtung bei allem Intereſſe Uhland’s für
1397 5348 1983 5399 Lenau, Anaſtaſius Grün ꝛc.
1398 4378 2686 4430 die öffentlichen Angelegenheiten der ſeiner Thätigket vorwie⸗
1400 4437 2690 4486 gend beherrſchende geweſen, ſo trat hierin von nun an all⸗
1400 4493 2687 4543 mälig eine Aenderung ein. Der Biograph, der das innere
1407 4550 2694 4605 und äußere Leben des bedeutenden Mannes umfaſſend durch
1401 4608 2693 4660 alle Phaſen der Geſtaltung verfolgen wollte, hätte theils ſei⸗
1401 4665 2693 4716 nem Wirken auf den Landtagen beſondere Aufmerkſamkeit zu
1398 4720 2691 4773 ſchenken, theils würde er über die zahlreichen und gewichtigen
1397 4778 2691 4830 wiſſenſchaftlichen Arbeiten berichten müſſen, denen Uhland ſich
1396 4835 2687 4886 mit immer wachſendem Eifer hingab, nachdem er ſich durch
1396 4892 2691 4942 die Wahl einer Gattin, Emilie Viſcher von Calw, im Mai
1402 4949 2690 5001 1820 einen eigenen Hausſtand begründet hatte. Dieſe Ehe
1398 5007 2690 5059 iſt, obgleich nicht durch die Geburt von Kindern geſegnet,
1395 5063 2686 5115 durch 40 Jahre die glücklichſte geweſen, eine Quelle reinſter,
1397 5119 2689 5172 häuslicher Freude, gewürzt für den Dichter und Gelehrten
1397 5177 2689 5229 durch den theils perſönlichen, theils brieflichen Verkehr mit
1398 5233 2687 5287 ausgezeichneten geiſtig verwandten Männern, wie Guſtav
2845 3690 4055 3748 In unſerer inneren Politik hat ſich nichts verändert, die
2758 3756 4054 3806 Maſchinerie, welche die Kreuzzeitungspartei aufgeſtellt hat,
2760 3808 4052 3862 arbeitet rüſtig weiter und wenn ihr auch die Speculation
2759 3871 4050 3921 auf die Provinziallandtage nicht ganz gelungen iſt, ſo läßt
2757 3927 4052 3977 ſie ſich dadurch nicht ſtören. Dieſe Partei hat bereits ſo viel
2757 3984 4050 4034 Oberwaſſer, daß es kaum mehr auffällt, daß, obgleich der
2756 4035 4051 4091 König ſich in früheren Zeiten ſo ſtark gegen das Treiben
2758 4098 4052 4149 dieſer Partei ausgeſprochen und vielleicht auch jetzt noch glaubt,
2760 4153 4050 4204 in Gegenſatz zu ihr zu regieren, die Regierung doch ganz
2751 5521 3913 5571 gegen die Sonderintereſſen dieſer Partei Front machte?
2756 4210 4055 4259 nach dem Sinne dieſer Partei geführt wird. Mag daher
2763 4268 4055 4317 auch noch ſo verſichert werden, daß die Regierung gar nicht
2760 4323 4055 4373 daran denke, ſich mit dieſer Partei zu identificiren, daß ſie vielmehr
2760 4379 4053 4430 nur im Auge habe, durch Begünſtigung derſelben die Strömung
2760 4437 4055 4488 nach links zu paralyſiren und überhaupt eine Ausgleichung
2759 4495 4055 4543 der Parteien anzuſtreben: ſo ſchlagen die Thatſachen dieſen
2757 4551 4055 4601 Verſicherungen alle Tage ins Geſicht. Was helfen überhaupt
2759 4608 4055 4658 Vorſätze, wenn ſie wirklich gefaßt wären, daß bei der bevor⸗
2738 4667 4055 4716 ſtehenden Einberuſung des Landtags dem Abgeordnetenhauſe
2758 4718 4054 4772 ein Geſetz über die Regelung der Dienſtzeit und ein Staats⸗
2755 4781 4048 4830 haushaltsetat vorgelegt werden ſoll, wenn zugeſtanden werden
2752 4836 4050 4887 muß, daß an ein Einlenken in die Volkswünſche, die ſich nicht
2751 4893 4055 4944 blos auf zweijährige Präſenzzeit beſchränken, ſondern auch auf
2753 4951 4049 5000 Erhaltung der Landwehr erſtrecken, an maßgebender Stelle
2753 5003 4047 5058 noch gar nicht zu denken ſei, wenn man an dieſer Stelle
2753 5065 4044 5116 alles Mögliche thut, um ſie in der Fiction, daß die Loyalitäts⸗
2752 5122 4045 5172 deputationen das wahre Volk repräſentiren, zu erhalten? was
2752 5179 4045 5229 helfen alle Verſicherungen, daß man an der Wiederherſtellung
2752 5233 4040 5285 geſetzlicher und verfaſſungsmäßiger Zuſtände arbeite, wenn
2751 5293 4045 5343 man weiß, daß die Partei, welche die Regierung umſtrickt
2753 5350 4043 5400 hält, auf Umſturz der Verfaſſung ausgeht und ſie ſich höch⸗
2751 5407 4036 5457 ſtens nur ſo weit gefallen läßt, als ſie eine Handhabe bietet
2751 5464 4042 5514 zur Einſchränkung der königlichen Gewalt, wenn dieſe einmal
4124 3061 4412 3109 Fonds dahin:
4226 2834 5424 2888 (National⸗Fonds.) In einem Schreiben, durch
4123 2890 5423 2946 welches die HH. Stadtrath Runge und Regierungsrath a. D.
4123 2947 5419 3002 v. Unruh den Empfang einer Zuſendung für den National⸗
4124 3005 5416 3057 Fonds beſcheinigen, äußern dieſelben ſich über die Zwecke des
4189 3116 5426 3169 Wiederholte Anfragen veranlaſſen uns, bei dieſer Gelegenheit zu
4116 3617 4737 3661 kampfes“ überhaupt beſtimmt iſt.
4121 3161 5425 3214 bemerken, daß zwar im Aufruf vom 24. d. M. die Andeutung des
4121 3207 5424 3260 Zwecks des National⸗Fonds Angeſichts eines gerade vorliegenden
4120 3253 5424 3306 Falles die Entſchädigung der Abgeordneten, welche „ihrer Ueberzeu⸗
4120 3298 5423 3351 gungs⸗ und Verfaſſungstreue wegen ihre bürgerliche Exiſtenz und
4121 3343 5422 3396 Unabhängigkeit bedroht ſehen“, in die erſte Reihe geſtellt worden iſt,
4121 3389 5423 3442 daß indeß die Unterzeichner am Schluß dieſes Aufrufs ſich zur An⸗
4119 3436 5423 3485 nahme und Verwendung von Beiträgen für diejenigen bereit erklärt
4118 3480 5416 3535 haben, über welche „der gegenwärtige Kampf Verfolgung verhängt.“
4119 3526 5421 3579 Hiernach ſteht es feſt, daß der National⸗Fonds keineswegs nur für
4117 3572 5420 3627 Abgeordnete und Beamte, ſondern für „die Opfer unſeres Verfaſſungs⸗
124 5180 1339 5230 Jetzt begann jene Betheiligung Uhland’s an dem Gange
128 5749 1340 5801 Aufregung über die unter dem abſolutiſtiſchen Vorgänger
126 5235 1338 5286 Landesangelegenheiten, die bis in ſein hohes Alter hinein
111 5522 1338 5570 vereinbaren, bis endlich die vom Jahre 1819 zu Stande
129 5407 1335 5460 jetzigen Königs Wilhelm, der im October 1816 ſeinem
115 5463 1335 5517 er gefolgt war, mit den Ständen eine neue Verfaſſung
121 5577 1336 5629 , ſteht Uhland unter den zähen Vertheidigern des Volks⸗
181 5293 1338 5345 ſo weſentlichen Theil ſeines Wirkens in Anſpruch ge⸗
251 5350 1337 5401 hat. Bei den wiederholten fruchtloſen Verſuchen
180 5635 1337 5686 in erſter Reihe. Es kann fraglich erſcheinen, ob die
223 5693 1339 5743 berger zweckmäßig und weiſe handelten, indem ſie, in
5072 1232 5369 1360 1862.
4188 3664 5421 3712 Dieſer Kampf kann noch eine ſehr lange Dauer haben und viele
4114 4301 5413 4356 die Sendungen fließen, deſto ſicherer iſt ein baldiger Sieg zu er⸗
4117 3707 5417 3754 Opfer fordern. Deshalb iſt es unerläßlich, die Mittel des National⸗
4117 3754 5420 3806 Fonds auf die bezeichnete Aufgabe zu beſchränken und es iſt nament⸗
4116 3799 5419 3850 lich unmöglich, auch ſolche Männer zu entſchädigen, welche ſchon vor
4115 3846 5419 3901 den Wahlen des Jahɹes 1861 in Folge ihrer politiſchen Thätigkeit
4119 3890 5417 3946 verfolgt worden ſind. Schon jetzt iſt es nöthig geworden, Wähler,
4118 3937 5418 3992 welche wegen ihrer Abſtimmung ihre Anſtellung verloren haben, zu
4118 3982 5417 4035 entſchädigen, und ein durch die Reaction auf das Aeußerſt be⸗
4115 4028 5420 4083 drängte Organ in der Provinzialpreſſe zu unterſtützen. Aehnliche
4116 4072 5418 4127 Fälle werden ſich bei etwaigen Neuwahlen, ſo wie bei längerer Dauer
4116 4120 5415 4172 der Herrſchaft der Reaction in wahrſcheinlich großer Zahl finden
4114 4165 5416 4218 und die verfaſſungstreue Partei muß bei Zeiten gerüſtet ſein, in
4117 4209 5414 4265 allen dieſen Richtungen den Kampf aufnehmen und aushalten zu
4115 4348 4248 4380 warten.
4115 4255 5415 4308 können. Je größer die geſammelten Mittel ſind und je ſchneller
1483 5399 2690 5458 An thatkräftigem Eifer für ſeine Pflicht als Abgeord⸗
1399 5463 2690 5514 neter ſteht Uhland keinem der verdienteſten Männer ſeines
1397 5748 2690 5800 nach allen Kräften an der Entwickelung des Verfaſſungs⸗
1398 5521 2689 5573 Vaterlandes nach. Ueberall, wo es Rechte des Volks, ſei es
1397 5577 2689 5627 durch materielles Wiſſen, ſei es von dem Standpunkte der
1400 5633 2690 5686 Freiheit und Unabhängigkeit, zu vertreten galt, ſah man, daß
1399 5692 2688 5743 der kernige Mann von der Erkenntniß, daß jeder Deutſche
341 5946 1042 6001 Der Fährmann von Nantle.
579 6096 821 6141 (Fortſetzung.)
446 6027 939 6071 Ein Erlebniß in England.
4201 4395 5411 4455 (Wahlfreiheit.) Der Redacteur der „Nat.⸗Z.“, Hr.
4111 5021 5012 5075 den die „Südd. Z.“ mittheilt, zu erlaſſen:
4115 4451 5411 4511 Dr. Zabel, wurde, als Hr. Hartung noch den Vorſitz in dem
4117 4507 5411 4570 betreffenden Gerichtshofe führte, zu mehrwöchentlicher Gefäng⸗
4115 4564 5410 4625 nißſtrafe verurtheilt, weil er geſchrieben: „die Soldaten ſeien
4117 4624 5409 4682 von Hrn. v. Roon zu den Wahlen commandirt worden;
4118 4679 5410 4739 in welchem Ausdrucke das Gericht den Vorwurf einer ſtraf⸗
4118 4737 5411 4798 baren Beeinfluſſung der Wahl von Seiten des Kriegs⸗
4114 4793 5410 4854 miniſters erblickte. Der Vorwurf einer Beeinfluſſung möchte
4115 4851 5409 4908 allerdings in jenem Ausdrucke liegen, aber gewiß nicht einer
4114 4908 5407 4967 ſtrafbaren. Denn ein königlicher Prinz, ein Neffe ſogar des
4113 4964 5404 5027 Königs hält es nicht für ſtrafbar, ſolgenden Corpsbeſehl,
1490 5881 2693 5931 „Mag ſein, aber unangenehm und ärgerlich iſt es doch,
1400 5994 2689 6046 er früher der beſte und gutmüthigſte Menſch von der Welt war.“
1399 5937 2693 5988 um ſo mehr, als ich ihn ſeit zwanzig Jahren kenne und
134 6169 726 6218 „Kennen Sie ſie vielleicht?“
2749 5751 4044 5801 den, um der ganzen Agitation gegen das Abgeordnetenhaus
2756 5692 4044 5743 „preußiſchen Volksvereins“ mit großem Eifer betrieben wer⸗
2751 5637 4042 5686 vinzial⸗Landtage, der von dem hieſigen Bureau des
2834 5577 4042 5628 * Berlin, 25. Nov. Der Adreſſenſturm der Pro⸗
1488 6051 2682 6102 „Was mag denn ſeinen Charakter ſo verändert haben?“
1399 6340 2039 6390 eine gute Lehre daraus ziehen.
1396 6109 2688 6160 Ich war damals unglücklich und intereſſirte mich deshalb
1395 6166 2690 6219 doppelt für einen Leidensgefährten. Mir lag daran zu wiſ⸗
1397 6224 2690 6276 ſen, was den alten Mann ſo ungewandelt hatte, vielleicht
1394 6281 2700 6333 konnte ich für meine eigene unglückliche Gemüthsſtimmung
127 6225 1342 6281 „Ich habe ſie noch nie geſehen; ſie ſagt, ſie komme weit
87 6395 1341 6448 dankenvoll in das glühende Feuer. Obgleich ich ſehr müde
108 6509 1336 6562 mir diesmal doch nicht gelingen. Alle möglichen Gedan⸗
128 6338 1338 6392 Wirth mir gegenüber. Er rauchte ſeine Pfeife und ſah
151 6454 1336 6506 und mir feſt vorgenommen hatte, zu ſchlafen, ſo wollte
129 6568 1334 6620 und Störungen, die ſich unerwarteter Weiſe einſtellten,
127 6741 1337 6794 die kleingebrannten Kohlen durch den Roſt, dann ſchlug
229 6282 1337 6337 Ich ſetzte mich im Lehnſtuhl am Feuer zurecht und
199 6626 1339 6676 mich in fortwährender Aufregung; bald wurde die
174 6683 1336 6737 am Tiſche unruhig, bald huſtete der Wirth, dann fie⸗
140 6797 1333 6851 amerikaniſche Uhr „Eins“, was mir diesmal wie ein
182 6855 1337 6909 geläute vorkam. Ich gab endlich den Verſuch zu
219 6912 1333 6965 auf und beobachtete meinen Wirth, der noch immer
177 6968 1335 7022 ſeine Pfeife rauchte. Nachdem er ſich überzeugt hatte,
141 7027 1051 7078 ich vollſtändig wach ſei, redete er mich an:
2747 6338 3898 6388 den. Ihr Kind wurde todt im Fluſſe gefunden.“ —
2754 5881 4045 5932 mehr wußte, was man von ihr denken ſollte. Endlich
2754 5937 4043 5989 eines Nachts — ich denke noch immer mit Entſetzen daran,
2753 5995 4045 6049 es war eine Nacht, gerade wie dieſe: ſtockfinſter, der Regen
2748 6051 4041 6103 floß in Strömen, und der Wind heulte und ſtieß gegen die
2750 6110 4043 6161 Fenſter“ — hier ſprach der Wirth ſo leiſe, daß ich mich
2749 6163 4044 6218 ganz nahe zu ihm hinüber beugen mußte, um ihn zu ver⸗
2748 6224 4043 6275 ſtehen — ſtand ſie auf, während ihr Vater ſchlief, ſtahl ſich
2747 6280 4039 6332 durch die Finſterniß und war am nächſten Tage verſchwun⸗
4181 5076 5407 5124 Soldaten der 11. Infanteriebrigade! In einem der Bataillone
4112 5122 5406 5172 der Brigade, welchem ich wie jedem andern vertraue, ſind bei den
4112 5167 5405 5215 letzten Urwahlen Unordnungen vorgekommen. Sieben Soldaten und
4110 5212 5405 5270 drei Lazarethgehülfen haben ihre Pflichten als Soldaten des Königs
4107 5532 5402 5587 Für die Richtigkeit gez. Graf Häſeler, Premierlieutenant und Adjutant.
4109 5259 5405 5307 verletzt und haben, verführt, ſich bei Abgabe ihrer Stimmen von
4108 5304 5404 5360 ihren Vorgeſetzten und Kameraden getrennt. Einen Gefreiten, der ſich
4109 5351 5404 5403 unter ihnen befand, habe ich in die Zahl der Gemeinen zurücktreten
4110 5395 5404 5449 laſſen, weil auf ihn kein Verlaß iſt, die übrigen habe ich zu andern
4108 5441 5404 5487 Bataillonen der Brigade verſetzt. — Berlin, den 14. Mai 1862.
4110 5487 5402 5540 Der commandirende General gez. Friedrich Karl, Prinz von Preußen.
1487 6397 2687 6446 „Leider ein hartes Schickſal,“ antworte der Wirth. „Vor
1397 6453 2687 6503 ungefähr zwanzig Jahren wurde er Witwer, mit einer ein⸗
1392 7483 1985 7537 loſen Geizhals verwandeln.“
1396 6510 2685 6561 zigen Tochter. Sie war ſehr ſchön hatte viele Verehrer
1395 6566 2685 6616 und — fiel —. Ein Künſtler, der vorgab, die Gegend
1395 6624 2679 6675 ſkizziren zu wollen, ſah ſie, ſuchte ihre nähere Bekanntſchaft,
1396 6681 2683 6731 redete ihr allerhand vor von Reichthum, Ehre, Stand u. ſ. w.
1396 6739 2684 6789 gewann ihr Herz und verführte ſie. — Gott verzeihe dem
1396 6795 2684 6846 Elenden! Er ging fort, um Vorbereitungen zu ſeiner Ver⸗
1395 6853 2682 6904 heirathung mit Jenny Wisford zu treffen. Sie glaubte ihm
1395 6909 2682 6960 natürlich. Die Zeit verging, bis der alte Mann einſah, daß
1396 6966 2684 7019 ſeine Tochter Schande und Elend über ſich und ihn gebracht
1395 7025 2684 7073 habe. Er war ein guter alter Mann und trug ſeinen Kum⸗
1393 7081 2682 7133 mer würdig genug. Es war auch nicht die Entehrung ſeiner
1395 7139 2682 7189 Tochter oder der Anblick des Kindes, was ihn ſo umwandelte;
1393 7196 2683 7246 im Gegentheil: er liebte das Kind und hoffte auf die Reue
1394 7252 2683 7304 der erſteren. Er ging jeden Sonntag mit ihr nach Nantle
1392 7309 2683 7361 in die Kirche und beſchützte ſie gegen Alle, die es wagten
1392 7367 2683 7420 ſie mit ihrem Spott zu kränken. Ein härteres Schickſal
1392 7425 2682 7477 wartete ſeiner und ſollte dieſen guten Alten in einen gefühl⸗
4195 5584 5403 5637 (Zeugenzwang.) Aus Inſterburg berichtet der
4112 5638 5402 5696 „N. Elb. Anz.“ Gerüchtsweiſe wird mitgetheilt, daß die be⸗
4106 5695 5404 5753 treffende Militärperſon, welche Herrn Otto Hagen für die
4110 5752 5403 5811 „Inſterburger Zeitung“ die Mittheilung in Betreff des Tra⸗
2742 6864 3273 6916 mit mir zuſammenführte.
2828 6407 4031 6460 Ich ſah wieder nach der Frau hin und konnte mich dies⸗
2746 6464 4038 6513 mal bei ihrem Anblick eines Schreckens nicht erwehren. Ein
2745 6521 4032 6571 entſetzlich wild ausſehendes blaſſes Geſicht begegnete dem
2744 6579 4035 6630 meinigen. Sie ſuchte es indeſſen ſchnell wieder zu verbergen,
2742 6635 4040 6688 ſobald ſie mich gewahr wurde. In dieſen Zügen, in dieſer
2742 6693 4039 6744 kurzen Bewegung lag ihre ganze Geſchichte ausgedrückt, und
2742 6750 4037 6803 die Furcht und der Schreck, die daraus ſprachen, ſchienen
2740 6808 4035 6859 das ganze Geheimniß zu erzählen, das ſie vor ſo kurzer Zeit
134 7084 1330 7135 „Sind Sie dieſe Nacht über die Nantle⸗Fähre gekommen?“
73 7142 1337 7201 Ja“, antwortete ich, „nachdem ich den Fährmann mit vieler
188 7201 490 7251 geweckt hatte.“
4092 5875 5398 5945 ſammen geſcharrt, das man nach ſeinem Tode wahrſcheinlich
4105 5941 4920 5991 in der Hütte vergraben finden würde.“
4180 5992 4968 6047 „Fürchtet er ſich nicht vor Dieben?“
100 7256 1332 7306 „Ein ſonderbarer alter Mann,“ bemerkte mein Wirth;
109 7428 1332 7482 giebt wenig ſolch vorſichtige Menſchen in der Welt, wie
145 7314 1333 7366 wette, er hat Sie erſt lange durch ſein Fernrohr beob⸗
183 7370 1329 7423 ehe er ſich entſchloß, Sie überzufahren. Ich glaube
134 7486 419 7536 alten Jakob.“
4193 6055 5400 6114 „Diebe in Nantle? Nein, Herr, das iſt noch nicht vor⸗
4110 6113 4417 6162 gekommen —“
4188 6168 5399 6221 Das war alſo die Geſchichte, die mir der alte Mann
4105 6226 5400 6289 nicht erzählen wollte. Er hatte freilich auch Grund genug
4105 6286 4204 6333 dazu.
2827 6934 4030 6984 „Und man hat hisher von der Frau nichts entdecken
2742 6990 3318 7042 können?“ fragte ich wieder.
128 7544 1148 7596 „Es fiel mir auf, daß er ſo mistrauiſch war.“
4188 6341 5399 6400 Welch’ tiefe Moral lag darin! Die alte Moral zur alten
4096 7887 5392 7948 noch immer im Munde und ſchlief; das faſt gänzlich zu⸗
4103 6398 5398 6457 Geſchichte: nämlich, daß der erſte falſche Schritt vom rechten
4102 6456 5398 6511 Wege in einen Abgrund führen kann, aus welchem keine
4104 6514 5399 6569 Rettung mehr möglich iſt. Die Erzählung hatte mich in eine
4101 6571 5398 6627 ſehr traurige Stimmung verſetzt, und an Schlaf war nun
4100 6626 5396 6690 natürlich nicht mehr zu denken. Das geringſte Geräuſch
4099 6685 5397 6745 machte mich unruhig; dabei feſſelte die Frau am Tiſche un⸗
4099 6742 5396 6804 willkürlich meine Aufmerkſamkeit. Ich fühlte, daß ſie mit ge⸗
4099 6801 5397 6862 ſpannter Aengſtlichkeit der Erzählung zugehört hatte und ſie
4100 6857 5396 6916 allein im Stande ſei, der Welt nähere Aufklärung darüber
4097 6915 5393 6974 zu geben. Dieſer Gedanke nahm mich ſo ſehr in Anſpruch,
4098 6971 5394 7028 daß ich mit wahrer Begierde nach einem zweiten Blick in
4100 7029 5393 7089 ihr bleiches Geſicht ſuchte, um Gelegenheit zu finden, dieſe
4099 7086 5392 7141 verlorne Schönheit, die das Unglück des armen Mädchens
4101 7143 5392 7203 geweſen war, zu ſtudiren. In welch’ ſonderbares Ereigniß
4097 7200 5389 7259 fühlte ich mich hier mit einem Male gezogen! War ich
4098 7256 5390 7316 wirklich Zeuge einer ſtillen Zuſammenkunft zwiſchen zwei
4096 7315 5390 7373 Menſchen geweſen, die ein Verbrechen ſeit zwanzig Jahren
4097 7371 5390 7429 getrennt hielt? Zwanzig Jahre waren vergangen! Das
4099 7429 5386 7488 glänzende ſchwarze Haar des ſchönen Mädchens war gebleicht
4097 7485 5391 7544 und ihr Geſicht von den Qualen eines begangenen Verbrechens
4097 7543 5389 7600 entſtellt! Ich erinnere mich dieſer ſchrecklichen Nacht noch
4094 7601 5389 7660 ſehr genau, wie der Regen gegen die Fenſterſcheiben praſſelte
4095 7658 5389 7714 und der Wind wilder und wilder um das Haus brauste.
4096 7715 5387 7775 Ich saß und hörte dem heulenden Wind und dem praſſelnden
4097 7772 5388 7831 Regen zu, bis die amerikaniſche Uhr drei ſchlug. Der Wirth
4096 7828 5391 7890 saß mit über der Bruſt verſchlungenen Armen, die Pfeife
2829 7059 4036 7111 „Nein, Herr, trotzdem man eine Belohnung von funfzig
2739 7745 3351 7803 nichts Gutes gemacht hätte!“
2742 7116 4032 7167 Pfund auf ihren Kopf geſetzt, hat man doch niemals etwas
2738 7173 4032 7224 über ſie erfahren können, der alte Mann zerſiel nach dieſem
2738 7230 4032 7283 Unglück ganz mit der Welt. Mit dem Glauben an ſein
2738 7287 4033 7341 Kind war ihm der Glaube an alles Edlere und Beſſere ge⸗
2739 7345 4026 7397 raubt. Er ging nicht mehr zur Kirche und verkehrte über⸗
2741 7402 4034 7454 haupt mit Niemanden. Er verfiel endlich noch dem furcht⸗
2743 7459 4034 7513 barſten Geiz und hing ſein ganzes Herz ans Geld, dasſelbe
2741 7516 4033 7570 Herz, das einſt nur für ſein Kind ſchlug, dem er Alles zu
2740 7567 4032 7627 opfern im Stande war. Dies treibt er nun ſeit zwanzig
2739 7631 4033 7682 Jahren und es hat ſich mit jedem Jahre verſchlimmert. O, es
2738 7689 4031 7741 iſt ein hartes Schickſal, das aus uns beiden ſicherlich auch
129 7602 1332 7651 „Er mistraut Jedem und glaubt an Nichts. Wenn er
64 7716 1330 7765 ber die Echtheit des Bieres, oder das richtige Geld, was
106 7774 1332 7825 vielleicht heraus bekommt, und ſein Penny⸗Päckchen Taback
107 7833 666 7883 ihm niemals groß genug.“
145 7659 1331 7710 her kommt, macht er mich bald todt mit ſeinem Zweifel
1474 7539 2684 7590 Wir beide ſahen uns nach der Frau am Tiſche um, aber
1391 7597 2679 7651 ſie lag noch immer bewegungslos in ihrer unglücklichen Weiſe.
1391 7654 2684 7707 Sie hatte ſich nur einmal im Schlafe hin und her bewegt
1391 7712 1997 7763 und war wieder ganz ruhig.
129 7890 1185 7943 „Der gewöhnliche Gang der Welt, mein Freund.“
1478 7769 2683 7821 „Das Schlimmſte kam eines Tages mit einem Briefe aus
1391 7885 2684 7937 wurde trotzig, raſtlos, faſt raſend, ſo daß man gar nicht
1391 7827 2682 7877 London, der mit einem Male ihr ganzes Weſen änderte: ſie
2832 7815 3731 7865 „Der Alte lebt ganz allein in der Hütte!“
2829 7885 4037 7936 „Ja, und man ſagt, er habe ſich einen Haufen Gold zu⸗
