5889 8125
184 546 1485 602 heirathen, die er in ſeinem Leben nie geſehen hatte. (Trieſter Z.)
192 259 1492 321 Miniſter, hat beſchlossen, dem öffentlichen Leben ganz zu ent⸗
187 319 1490 377 ſagen und will ſich auf ein kleines Landgut zurückziehen.
185 376 1488 434 Der Ex⸗Kammerherr, Raif Bey, wurde vor einigen Tagen in
183 432 1489 491 den Palaſt von Dolmabaktſche beſchieden und erhielt daſelbſt
182 489 1488 545 den Befehl, auf der Stelle eine der Frauen des Harems zu
260 1799 1469 1853 ✽ Privatberichten aus Newyork vom 10. d. M.
151 4458 1447 4507 eine Arbeit, wofür man wol eine Friſt von einigen Wochen
173 1859 1472 1910 entnehmen wir Folgendes: Vor Fredericksburg ſteht
171 1914 1472 1966 keine eigentliche Streitmacht des Feindes. Der größte Theil
168 1971 1469 2024 der Conföderirten iſt nach Blackwater oder nach Vicksburg
168 2027 1467 2080 abgegangen; die einzigen zurückgebliebenen Truppen zählen
164 2083 1452 2136 ungefähr 15000 Mann, die allerdings in der gegenwärtigen
165 2141 1467 2192 Jahreszeit ſtark genug ſind, um den Uebergang über den
167 2198 1466 2247 Rappahannock zu verhindern. Von Deſerteuren und aus an⸗
162 2255 1457 2306 deren Quellen erfährt man, daß die Eiſenbahnverbindungen
163 2311 1462 2362 der Rebellen in ganz brauchbarem Zuſtande ſind. In 72
165 2367 1464 2418 Stunden kann die ganze conföderirte Armee von jedem be⸗
163 2423 1463 2476 liebigen Punkte des Südens nach Fredericksburg befördert
162 2481 1460 2533 werden, ſo daß die Rebellen es ohne Gefährde wagen
160 2537 1460 2585 können einen großen Theil ihrer Armee von einem
162 2594 1463 2643 Punkte zurückzuziehen. — Während der letzten Woche beſchloß
154 4519 451 4565 anſetzen darf.“
162 2650 1464 2702 der Präſident dem Gen. M’Clellan wieder den Oberbeſehl
161 2706 1460 2757 über die ganze Armee zu übertragen. Jedoch rief die Mit⸗
160 2763 1461 2815 theilung dieſes Entſchluſſes im Cabinetsrathe einen großen
161 2815 1459 2872 Sturm hervor; Secretär Chaſe drohte ſofort ſeine Entlaſſung
158 2878 1460 2928 zu verlangen, und ſeinem Beiſpiele folgten die übrigen radi⸗
160 2934 1455 2984 calen Mitglieder des Cabinets. So änderte denn der Prä⸗
159 2991 1460 3042 ſident ſeinen Plan und ließ vorläufig keinen Wechſel ein⸗
159 3048 1460 3097 treten. Binnen zwei Wochen aber wird ſich ohne Zweiſel
159 3105 1459 3155 die Sachlage ſo geſtalten, daß der Oberbeſehl den⸗
159 3159 1456 3210 noch in General M’Clellan’s Hand gelegt werden wird.
157 3218 1455 3268 Die Ernennung Hookers iſt nur eine zeitweilige; ſie war ge⸗
158 3273 1457 3325 gen die Anſicht des Präſidenten und des Kriegsſekretärs ge⸗
156 3330 1455 3381 ſchehen. Seine militäriſche Tüchtigkeit wird allerdings aner⸗
153 3388 1453 3435 kannt; ob er aber einen ſo ungeheuren Truppenkörper mit Ge⸗
156 3443 1452 3495 ſchick zu handhaben und völlig zu überſehen die Fähigkeit beſitzt,
147 3501 1448 3550 wird ſelbſt von ſeinen Freunden in Zweifel gezogen. — Von
157 3556 1454 3605 Vicksburg erwartet man für die nächſten vier Wochen keine
156 3614 1449 3663 Nachrichten von Bedeutung; denn dieſer Zeitraum wird zur
154 3670 1453 3719 Vollendung des Canals und zur genügenden Vervollſtändigung
154 3727 1451 3775 und Ausrüſtung der Truppen, welche die feindliche Feſtung
156 3782 1444 3832 angreifen ſollen, erforderlich ſein. Möglich iſt es freilich,
154 3838 1452 3887 daß die Umſtände ſchon vor dieſer Zeit eine Schlacht herbei⸗
154 3895 1453 3945 führen werden; doch geht die allgemeine Anſicht da⸗
155 3953 1453 4001 hin, daß die Eroberung des Platzes zum wenigſten
150 4008 1448 4056 einen Monat in Anſpruch nehmen wird. Briefen aus
151 4064 1452 4112 Vicksburg vom 31. Jan. zufolge iſt das Canalproject im
151 4120 1451 4170 ganzen Umfange angenommen worden, und die größtmögliche
151 4176 1445 4226 Arbeiterzahl ſoll Tag und Nacht beſchäftigt ſein, bis es zur
148 4232 1450 4283 völligen Ausführung gebracht iſt. Da es ſich herausgeſtellt
150 4288 1451 4337 hat, daß man auf ein durch den Strom des Waſſers bewirk⸗
151 4345 1450 4396 tes Ausſpülen nicht rechnen kann, ſo muß der Canal ganz
151 4401 1446 4449 in der erforderlichen Breite und Tiefe ausgegraben werden,
230 5131 1447 5186 ✽ (§. 88 Nr. 3 des Landesverfaſſungs⸗Ge⸗
142 5189 1447 5242 ſetzes.) Die Geſetzſammlung bringt geſtern ein Geſetz vom
147 5247 1442 5297 12. d. M., demzufolge, in Uebereinſtimmung mit den Be⸗
137 6438 1437 6487 ten die allgemeinen Vorſchriften des Wahlgeſetzes von 1840.
142 5303 1446 5354 ſchlüſſen der letzten Ständeverſammlung, die drei Abgeord⸗
144 5361 1449 5410 neten der evangeliſchen Mannsſtifter aus der Zwei⸗
140 5411 1448 5467 ten Kammer hinwegfallen und durch vier Abgeordnete
142 5474 1445 5524 der evangeliſchen Geiſtlichkeit erſetzt werden. Zu⸗
144 5530 1446 5580 gleich wird das betreffende Wahlgeſetz verkündet. Darnach
143 5587 1446 5637 werden die vier Geiſtlichen von vier Wahlbezirken gewählt:
148 5643 1446 5693 1) Calenberg und Lüneburg, 2) Hildesheim, Göttingen, Gru⸗
141 5701 1442 5751 benhagen, Harz und Hohnſtein, 3) Bremen, Verden, Hadeln,
142 5757 1446 5808 Hoya und Diepholz, 4) Osnabrück, Oſtfriesland, Lingen,
142 5811 1442 5862 Emsbühren, Aremberg⸗Meppen und Bentheim. Jeder Wahl⸗
141 5870 1442 5920 bezirk zerfällt in mehre Urwahlbezirke. Dieſe werden von der
140 5927 1446 5977 Regierung ſo gebildet, daß jeder nach regelmäſigem Beſtande
147 5984 1434 6032 10—15 Geiſtliche enthält und Einen Wahlmann wählt.
135 6041 1443 6089 Jedoch kann eine größere Zahl zur Wahl mehrer Wahlmän⸗
140 6098 1444 6145 ner vereinigt werden, wenn dadurch die Trennung der Wahl⸗
142 6154 1444 6201 berechtigten Eines Ortes vermieden wird. Wahlberechtigt im
144 6211 1444 6260 Urwahlbezirke ſind alle darin im geiſtlichen Amte ſtehenden
143 6266 1446 6316 ordinirten evangeliſchen, lutheriſchen oder reformirten Geiſt⸗
136 6324 1443 6373 lichen. Weitere Ausführungsvorſchriften werden die Miniſte⸗
135 6380 1444 6428 rien des Innern und des Cultus erlaſſen. Im Uebrigen gel⸗
1569 7352 2810 7395 Ueber die perſönlichen Verhältniſſe der Angeklagten iſt insbeſondere
1505 7713 2291 7756 nicht beſtraft und 73 (69,₅ pCt.) beſtraft.
1503 7395 2806 7440 hervorzuheben, daß 14 unter 20 Jahren, 42 zwiſchen 20 und 25, 81
1502 7440 2809 7485 zwiſchen 25 und 35, 52 zwiſchen 35 und 45, 51 zwiſchen 45 und
1502 7485 2806 7531 60 und 15 über 60 Jahre alt waren. 212 Angeklagte waren Lu⸗
1503 7531 2812 7575 theraner, 8 Reformirte, 31 Katholiken und 4 Juden. 145 (oder
1503 7576 2808 7623 56,₉ pCt.) waren früher noch nicht beſtraft, 110 dagegen (43,₁ pCt)
1503 7622 2810 7667 hatten bereits eine oder mehre Strafen erlitten. Unter den wegen
1500 7666 2809 7712 Diebſtahls angeklagten 105 Perſonen waren früher 32 (30,₅ pCt.)
2913 3131 4183 3183 (Verbrechen und Unglücksfälle) Hagen. Vor einigen
2872 4616 3650 4663 letzung davongetragen zu haben. (Cour.)
2878 3175 4173 3226 Tagen wurde die Frau Betjemann nebſt Tochter, 14 Jahre alt, aus
2876 3220 4178 3273 dem benachbarten Caſſebruch wegen Diebſtahls gefänglich einge⸗
2877 3267 4179 3318 zogen. Die daſelbſt vorgenommene Hausſuchung hat ein befriedi⸗
2877 3312 4180 3363 gendes Reſultat ergeben, indem ſehr viele, hieſigen Kaufleuten geſtoh⸗
2877 3356 4182 3407 lene Waaren vorgefunden wurden. Dieſe Diebinnen ſind mit ihrem
2877 3400 4176 3451 wahrſcheinlich ſchon ſeit längerer Zeit betrieb nen Diebeshandwerk in
2879 3446 4181 3496 ſehr frecher Weiſe hervorgetreten. So hatte ſich z. B. das Mädchen
2878 3492 4181 3542 wiederholt zu einem hieſigen Kaufmann begeben und ihm eine Probe
2876 3537 4179 3588 des ihm entwandten Kleiderſtoffes vorgelegt, um letzteren durch An⸗
2875 3583 4181 3633 kauf einiger Ellen zu einem Kleide zu vervollſtändigen. Uebrigens ſoll
2875 3627 4177 3678 die noch dem Kindesalter angehörende Tochter von der gewiſſenloſen
2876 3672 4175 3724 Mutter durch thätliche Mißhandlung zum Diebſtahl gezwungen
2875 3717 4177 3768 worden ſein und und das Kind jedesmal mit einer Tracht Prügel empfan⸗
2875 3761 4182 3813 gen haben, wenn es ohne geſtohlene Sachen zu ihr zurückgekehrt war.
2876 3807 4180 3857 (Prov. Z.) — Osnabrück, 23. Febr. Leider iſt ſchon wieder von
2874 3851 4175 3904 ſchweren Verletzungen zu berichten, die in Folge der unglücklichen
2874 3898 4172 3946 Tanzbodengezänke ſtattgefunden haben. In Biſſendorf wurde ein
2875 3942 4172 3992 Mann mit neun Meſſerſtichen verwundet und wäre wahrſcheinlich er⸗
2873 3989 4175 4037 mordet worden, wenn ſich nicht mitleidige Menſchen ſeiner an⸗
2875 4033 4176 4083 genommen hätten. — Zwiſchen Oeſede und der Georg⸗Marien⸗
2874 4078 4175 4127 Hütte hatte vor einigen Tagen Jemand das Unglück, Nachts um
2876 4123 4173 4171 12 Uhr für einen Andern, den man ſuchte, gehalten und dann mit
2875 4168 4176 4216 Latten ſo entſetzlich geprügelt zu werden, daß er am fol⸗
2874 4213 4180 4259 genden Tage ſtarb. Die Thäter ſind verhaftet, wobei der Eine noch
2873 4257 4173 4304 nach dem Gendarmen mit der Axt hauen wollte, aber doch vor dem
2874 4301 4168 4350 geſpannten Hahn der Flinte plötzlichen Reſpect bekam. (Cour.) —
2875 4346 4177 4397 Göttingen, 23. Febr. Heute Nachmittag ſtürzte der vierjährige
2871 4392 4174 4440 Knabe des Schneidermeiſters Freiberg zum Fenſter hinaus in einer
2870 4436 4173 4487 Höhe von 36 bis 40 Fuß auf das Straßenpflaſter. Das Kind gab
2871 4481 4175 4528 keinen Laut von ſich und ſchien todt zu ſein. Nach etwa drei Stun⸗
2872 4527 4172 4577 den erwachte der Knabe wieder und verlangte nach Eſſen und Trin⸗
2871 4572 4173 4623 ken. Er befindet ſich ſehr wol, ohne auch nur die geringſte Ver⸗
2938 4798 4172 4851 Bekanntmachung. Die beſtehende Vorſchrift, daß die zur
2871 4843 4175 4895 Beförderung durch die Poſt beſtimmten Werthbriefe mit einem halt⸗
2871 5430 3824 5472 noverſches General⸗Poſt⸗Directorium. v. Brandis.
2872 4888 4174 4942 baren Kreuz⸗Couvert verſehen und mit fünf gleichen Siegeln gut
2871 4933 4172 4987 verſchloſſen ſein müſſen, wird mit dem Vermerken in Erinnerung ge⸗
2872 4978 4169 5028 bracht, daß die Fabrik⸗Couverts von leichtem Papiere, welche für den
2872 5024 4171 5073 gewöhnlichen Briefverkehr vielfach benutzt werden, oder Couverts,
2871 5069 4170 5118 die aus Briefpapier hergeſtellt worden, zu dem Verſchlusse von Briefen
2870 5114 4173 5165 mit angegebenem Werthinhalte nicht zu verwenden, zu ſolchem Zwecke
2870 5160 4174 5211 vielmehr Leinen⸗Couverts oder Couverts von recht ſtarkem Papier zu
2871 5204 4174 5255 gebrauchen ſind. Dabei wird darauf aufmerksam gemacht, daß die
2869 5249 4173 5301 Werthbriefe nicht der lothweiſe ſteigenden Brieftaxe, ſondern der Fahr⸗
2870 5295 4172 5345 poſttaxe unterliegen, und daß daher die größere oder geringere Schwere
2869 5339 4167 5388 des Couverts einen Einfluß auf das Porto der Werthbriefe überall
2870 5384 4170 5436 nicht ausübt. Hannover, den  23. Februar 1863. Königlich han⸗
2956 5893 4180 5957 ✽ Paris, (Mittwoch) 25. Februar. Die geſtrige
2882 5948 4180 6011 „France“ prüft, ob aus der gegenwärtigen Lage der
2860 6005 4174 6067 Krieg hervorgehen könne. Die Annahme eines Pro⸗
2874 6064 4179 6126 gramms Seitens Frankreichs, welches die Unabhängigkeit
2872 6118 4177 6181 Polens zum Inhalt hätte, würde der Krieg ſein. Frank⸗
2872 6175 4177 6233 reich bedürfe aber jetzt behufs ſeiner inneren Entwicke⸗
2872 6796 3833 6858 indem es Polen die Freiheit wieder gebe.
2871 6230 4178 6291 lung des Friedens und werde ſich durch ſeine Initiative
2872 6287 4178 6354 in keinen Krieg verwickeln. Die ruſſiſch⸗preußiſche Con⸗
2867 6345 4178 6405 vention ſei bedauerlich, aber nicht als eine Europa trennende
2873 6400 4179 6456 Barriere zu betrachten. Der Artikel erinuert dann an
2875 6457 4176 6520 die Verträge von 1815 und conſtatirt, daß Europa nie⸗
2871 6514 4174 6578 mals die aus der Revolution von 1831 hervorgegangene
2874 6568 4172 6634 Situation anerkannt habe. Der Inhalt des Vertrages
2869 6628 4174 6691 von 1815 könne jederzeit von den Contrahenten ange⸗
2869 6684 4174 6747 rufen werden. Der Artikel räth Rußland ſchließlich, auf
2869 6740 4175 6804 die Principien des Wiener Congreſſes zurückzukommen,
2955 7007 4174 7063 — (Eine ſeltene Kur.) Ein Mädchen, welches kürz⸗
2876 7572 3368 7621 Mädchens iſt allgemein.
2870 7062 4174 7116 lich in einem Laden zu Würzburg, über das ſreche Eindrin⸗
2872 7120 4176 7173 gen eines Diebes erſchreckt, die im Munde gehabte Shawl⸗
2872 7175 4176 7233 Nadel verſchluckte, wurde geſtern von ſeinen Qualen befreit
2871 7233 4175 7287 und wird in einigen Tagen das Spital geheilt verlaſſen. In
2872 7290 4172 7344 den letzten Tagen wandte der ſie behandelnde Arzt, Herr
2874 7345 4176 7401 Profeſſor Dr. Linhart, eine Sonde mit einem kleinen, aber
2872 7402 4174 7455 ſehr ſtark magnetiſirten Kügelchen an, deſſen Kraft die beab⸗
2870 7459 4175 7513 ſichtigte Wirkung vollkommen erreichte. Die freudige Theil⸗
2875 7515 4175 7573 nahme an der glücklichen Errettung des hübſchen jungen
4348 1103 5567 1158 Bremerhaven. Wie verlautet, beabſichtigt man zu
4258 1497 5503 1554 Dampſer Simſon nach Wangerooge begeben. (Prov.⸗Z.)
4263 1159 5567 1214 Wangerooge eine Anſtalt zur Rettung Schiffbrüchiger zu er⸗
4263 1215 5566 1271 richten. Auf Anregung der Herren Dr. Emminghaus und
4261 1267 5567 1328 J. C. Victor in Bremen hat ſich ein Verein zur Förderung
4262 1329 5567 1384 dieſer Angelegenheit gebildet und wird ſich dieſer Tage eine
4261 1384 5562 1439 Commiſſion zur Vorunterſuchung, woran ſich die HH. Bau⸗
4260 1442 5564 1500 rath v. Ronzelen und Capt. Gerken betheiligen, per Lloyd⸗
4434 1599 5390 1651 Für die Redaction verantwortlich: E. Eichholz.
4325 1784 5564 1833 Bremen, 24. Febr. In der heutigen ſechsten ordentlichen
4256 1827 5563 1881 Generalverſammlung der Bremer Bank wurde der Rechnungsab⸗
4256 2371 4510 2414 Fritze ergänzt.
4257 1874 5564 1923 ſchluß des Jahres 1862 vorgelegt und deſſen Richtigkeit ſeitens des
4257 1964 5565 2012 einen unter die Actionäre zu vertheilenden Gewinn von 200,000 Thlr.
4255 1919 5564 1971 Bankausſchuſſes beſtätigt. Das Gewinn⸗ und Verluſt⸗Conto ergab
4254 2010 5563 2060 Gold, oder eine Dividende von 5 pCt. (12½ Thlr. per Actie.)
4252 2054 5565 2111 Gegen den durch die Direction erſtatteten geſchäftlichen Jahres⸗
4253 2099 5563 2149 bericht fand man ebenfalls nichts zu erinnern. In den
4252 2144 5562 2195 Verwaltungsrath wurden die austretenden Herren Conſul H. H.
4250 2190 5558 2237 Meier und Generalconſul Brauer wiedergewählt und an Stelle
4254 2236 5562 2283 des verſtorbenen Herrn Alex. Fritze Herr Senator Grave beſtimmt.
4249 2280 5558 2327 Der Bankausſchuß wurde durch die Wiederwahl der Herren Senator
4249 2326 5561 2377 Gildemeiſter und A. Böving, ſo wie durch Neuwahl des Herrn Johs.
4296 2587 5558 2639 Frankfurt, 24. Febr. Berlin 104¾. Hamb. 88⅝. London
4258 2633 4673 2675 118⅜. Wien 101⅜.
4296 2677 5563 2727 Amſterdam, 24. Febr. Hamburg k. S. 35⅛. London k. S.
4251 2723 4478 2763 11, 76¼ B.
4294 2767 5469 2811 London, 24. Febr. Hamb. 3 Mon. 13. 7. Wien 11. 90.
4286 4121 5264 4171 Madrid, 23. Febr. 3proc. 51,50. 1proc. 46,50.
4334 5598 5551 5650 Die Börſe war heute beſſer geſtimmt und belebter, beſonders
4242 5640 5547 5696 in Bahnen; auch öſterr. Papiere waren angenehmer; in preußiſchen
4239 5686 5541 5744 Fonds wurde gleichfalls mehr gehandelt und blieben dieſleben feſt
4238 5730 5010 5776 behauptet; Wechſel waren ziemlich belebt.
4237 7181 5543 7238 Kaffee. Der Markt verharrte in ruhiger, jedoch feſter Stimmung
4235 7227 5539 7277 und fanden nur Umſätze für den laufenden Bedarf ſtatt. In Auction
4235 7271 5541 7327 ſind für Aſſecuradeurs Rechnung 178 Säcke Savanilla verkauft.
4236 7318 5544 7372 Notirungen: gut ord. Rio 15 a 15½ do. Santos 15¼ a 15⅝, do.
4237 7363 5538 7418 Domingo 15¾ a 16 gr. — Zucker, raffinirter. Von hieſigem
4232 7815 5559 7898 ſchlagen. Notirungen: Arracan 3 a 3¼, geſchälter do. 4⅙
4236 7408 5540 7466 ſowol als von Hemelinger Melis und Raffinade waren die Umſätze
4237 7454 5545 7508 nicht belangreich. Notirungen: Melis, ordin. 6⅜ a ½ gr. bez.,
4238 7498 5545 7552 do. mittel 6⅝ a ¾ gr. bez., do. fein 6⅞ a 7 gr. bez., Raffinade
4240 7542 5542 7597 7⅛ a 7¼ gr. bez., Candis, brauner 7⅛ a 8 gr. bez., do. gelber
4240 7590 5543 7640 7¼ a 9 gr. bez., do. weißer 8 a 11½ bei gr. bez. — Reis. Die
4241 7633 5544 7684 günſtige Meinung für den Artikel hat ſich auch in dieſer Woche er⸗
4241 7678 5545 7729 halten. Von diverſen polirten Sorten ſind reichlich 12,000 Ballen
4241 7722 5545 7778 umgeſetzt und von roher Waare für Aſſecuradeurs Rechnung: 500
4241 7770 5548 7829 Ballen Necranzie und 600 Ballen Baſſein, in Auction zuge⸗
588 1720 1091 1776 Amerika.
234 4571 1445 4617 ✽ Nach der Zählung vom Jahre 1850 waren damals
149 4971 576 5013 und 68,820 nur 1.
150 4625 1448 4675 347,525 Sklaven⸗Eigenthümer in den ſüdlichen Staa⸗
148 4683 1445 4725 ten von Amerika. Davon waren 2, die über 1000 Sklaven
148 4739 1445 4791 beſaßen; 9 hatten von 500 bis 1000, 56 von 300 bis
149 4796 1444 4844 500, 187 von 200 bis 300, 1479 von 100 bis 200,
147 4853 1443 4896 6196 von 50 bis 100, 29,733 von 20 bis 50, 54,595 von
151 4909 1447 4956 10 bis 20, 80,765 von 5 bis 10, 105,683 von 2 bis 5,
486 5063 1096 5115 Hannover, 25. Februar.
270 604 1485 657 Aus Buchareſt wird telegraphiſch gemeldet, daß, als
174 1287 1159 1337 willen den Umſturz alles Beſtehenden bezwecke.
183 661 1484 715 am 20. d. M. ein Unterzeichner des reactionären Gegen⸗
183 718 1484 770 Entwurfs zur Adreſſe die Forderung aufſtellte, daß ein aus⸗
180 773 1480 828 ländiſcher Fürſt an Kuſa’s Stelle den Thron beſteigen müſſe,
179 832 1481 883 in der ganzen Verſammlung wie in den Zuhörer⸗Räumen
181 888 1481 943 ſich lärmende Entrüſtung kundgab und die Oppoſition zu
182 945 1480 998 der Erklärung zwang, daß ſie den Thron aus dem Spiele
179 1003 1479 1057 laſſen und ihren Adreßentwurf abändern wolle. Am Tage
179 1060 1479 1111 darauf hat dann einer der beliebteſten Kammerredner, Co⸗
180 1116 1478 1169 galniciano, in einer faſt die die ganze Sitzung ausfüllenden
177 1174 1477 1221 Rede die Beſtrebungen der Reactionspartei demaskirt und
174 1230 1477 1285 nachgewieſen, wie dieſelbe nur um ihrer Sonderintereſſen
258 1342 1475 1399 Aus Galacz erhalten wir die authentiſche Notiz, daß zu
170 1628 1165 1680 ihren Weg nach der kleinen Walachei nahmen.
171 1401 1476 1455 den 800 mit Waffen und Munition beladenen Wagen, welche
173 1457 1475 1513 bis zum Ablauf vorigen Jahres über die rufſiſche Grenze
174 1515 1472 1569 nach den Donau⸗Fürſtenthümern und nach Serbien gingen,
170 1572 1474 1624 ſeit dem 1. Januar nur noch 15 Wagen nachkamen, welche
227 6493 1445 6544 ✽ (Schwurgerichte und Beamte.) Unter dem Mi⸗
135 7573 382 7617 werden ſoll.
144 6549 1442 6600 niſterium v. Borries, unter welchem unſere meiſten öffent⸗
138 6606 1443 6657 lichen Verhältniſſe zur Verkümmerung verurtheilt waren, ſchie⸗
139 6664 1444 6713 nen von der Theilnahme an den Schwurgerichten die Beam⸗
142 6721 1442 6771 ten faſt grundſätzlich fern gehalten zu werden, indem man
142 6778 1440 6829 denſelben, wenn ſie zum Geſchwornendienſte berufen wurden,
134 6835 1441 6884 den dienſtlichen Urlaub verweigerte. Ob man dadurch nur
133 6891 1444 6939 den Beamten eine, von ihnen doch verhältnismäßig noch leich⸗
136 6949 1444 7003 ter als von Anderen zu tragende Laſt abnehmen wollte, oder
142 7003 1444 7055 ob die Maßregel aus Abneigung gegen die Schwurgerichte
139 7061 1440 7109 an ſich entſprang, oder welcher andere Grund maßgebend ge⸗
134 7116 1446 7168 weſen ſein mag, bleibe dahingeſtellt. Genug, das gegenwär⸗
134 7173 1443 7223 tige Miniſterium wird ein anderes Verhalten in dieſer Bezie⸗
135 7230 1438 7280 hung einſchlagen. Durch einen Erlaß des Miniſteriums des
136 7286 1442 7337 Innern iſt, wie die „N. H. Z.“ mittheilt, verfügt
136 7342 1442 7395 worden, daß den zu Geſchwornen berufenen Beamten
137 7399 1440 7451 nur in den dringendſten Fällen und zwar nur dann,
138 7456 1442 7508 wenn daraus eine weſentliche Benachtheiligung des Dien⸗
141 7509 1442 7564 ſtes zu beſorgen wäre, der erforderliche Urlaub verweigert
227 7626 1442 7678 ✽ Der Sitz der Betriebsdirection für die
137 7798 1443 7857 in Bremen, als dem Platze, von wo die Handelsgeſchäfte
134 7685 1442 7735 Geeſtebahn bildet bekanntlich einen Streitpunkt zwiſchen
134 7740 1444 7791 Hannover und Bremen. Bremen hielt dafür, daß dieſelbe
1532 265 2846 334 geleitet und über die Waaren verfügt werde, ſich befinden müſſe;
1538 1013 2667 1062 dauert werden würde. Der erwähnte Artikel lautet:
1544 331 2847 382 Hannover unter Graf Borries hielt eine Betriebsdirection bei dem
1545 387 2845 447 Punkte, wo der Transport beginne bezw. ende, für nothwendig.
1544 443 2845 501 Bei der Bremer Anſicht bedürfte es einer eigenen Behörde nicht,
1543 501 2847 560 da die dort ohnehin vorhandene Betriebsdirection auch für
1542 555 2845 615 die verlängerte Bahn ausreiche. Bekanntlich iſt der Streit
1544 613 2845 672 einem Schiedsgerichte vorgelegt, und einſtweilen ſiedelt die
1542 665 2839 729 errichtete Betriebsdirection halbjährlich von einem zum an⸗
1540 730 2841 785 dern Punkte über. Jetzt bringt die zu Lehe erſcheinende
1547 785 2836 844 „Provinzialzeitung“ nachſtehende Notiz aus Geeſtemünde,
1541 843 2844 896 welche nicht nur eine Löſung des Streites im Sinne
1541 897 2841 958 Bremens in Ausſicht ſtellt, ſondern zugleich beweiſet, daß
1541 955 2841 1014 dieſer Ausgang ſelbſt in Geeſtemünde nicht allgemein be⸗
1622 1071 2840 1128 In dem ſchiedsrichterlichen Verfahren über die Frage, ob
1535 1808 2052 1856 Hafenplätzen ſein würde.
1539 1127 2839 1179 nach dem Vertrage zwiſchen Hannover und Bremen eine be⸗
1538 1184 2837 1241 ſondere Betriebs⸗Direction für die Geeſtebahn mit dem Sitze
1539 1240 2839 1295 in Geeſtemünde, was Hannover verlangt, Bremen aber be⸗
1538 1297 2850 1354 ſtritten hat, eingerichtet werden könne, ſoll kurz vor dem
1538 1353 2838 1410 Spruche ein Stillſtand veranlaßt ſein. Hoffen wir, daß dar⸗
1538 1411 2838 1467 aus eine Beilegung des Streites unter Anerkennung der Ein⸗
1534 1467 2848 1523 richtung von Seiten Bremens hervorgehen möge, welche nur
1535 1524 2837 1580 im höchſten Grade erwünſcht für die Wahrung der beiderſei⸗
1534 1581 2836 1634 tigen Verkehrs⸗Intereſſen in Beziehung auf den Betrieb der
1533 1637 2832 1690 Geeſtebahn und insbeſondere hinſichtlich der beiden Staaten
1532 1697 2836 1750 zur Aufgabe geſtellten wichtigen unmittelbaren Vermittelung
1530 1752 2832 1804 zwiſchen dem  Eiſenbahn⸗ und Seeverkehre an den beiden
1612 1867 2828 1917 — Hofbuchh. Fr. Hahn, ein großer Kenner mittel⸗
1526 2149 2825 2203 hat Herrn Friedr. Hahn zum Doctor philosophiae ernannt.
1529 1922 2825 1977 alterlicher Antiquitäten, hat eine höchſt intereſſante Beſchrei⸗
2552 2213 2774 2260 (H. Cour.)
1528 1979 2826 2033 bung einiger elfenbeinerner Pyren (Hoſtienſchachteln) der
1528 2034 2826 2087 älteſten chriſtlichen Gemeinden, welche ſich in ſeiner Samm⸗
1530 2091 2828 2147 lung befinden, herausgegeben. Die Univerſität Göttingen
1521 2375 2820 2429 zum außerordentlichen Profeſſor in Marburg ernannt. (Ldsz.)
1615 2264 2827 2318 — Der Geh. Med.⸗R. Benecke, erſter Badearzt in
1524 2319 2825 2374 Nauheim, früher in Wangeroge, ein geborner Cellenſer, iſt
1608 2429 2824 2482 — (Strafrechtspflege während 1861.) In der
1522 2717 2643 2765 folgende, beſonders bemerkenswerthe Nachrichten mit.
1522 2487 2826 2543 Rümpler’ſchen Verlagsbuchhandlung ſind criminaliſtiſche
1524 2546 2824 2597 Mittheilungen über das Jahr 1861 erſchienen, welche
1521 2602 2822 2656 ſich den in den früheren Jahren vom k. Juſtizminiſterium
1523 2659 2821 2708 veröffentlichten Mittheilungen anſchließen. Wir theilen daraus
1591 2770 2822 2816 1) Schwurgerichte. Bei den 7 Schwurgerichtshöfen des
1521 2815 2821 2863 Landes wurden die 4 regelmäßigen Quartalsſitzungen abgehalten und
1516 2859 2816 2906 im Ganzen 180 Sachen gegen 256 Perſonen verhandelt. Die Thä⸗
1516 3313 2183 3356 behörde der Urlaub verweigert war.
1516 2905 2817 2950 tigkeit der Schwurgerichte hat ſeit dem Jahre 1856 fortſchreitend ab⸗
1518 2951 2821 2999 genommen. Es wurden nämlich verhandelt 1856 302 S. gegen 405
1517 2996 2819 3043 P., 1857 207 S. gegen 274 P., 1858 196 S. gegen 273 P, 1859
1519 3042 2821 3087 190 S. gegen 252 P., 1860 186 S. gegen 278 P., 1861 180 S.
1520 3085 2817 3132 gegen 256 P. Auf die einzelnen Schwurgerichte vertheilten ſich 1861
1517 3131 2816 3176 die verhandelten Sachen in folgender Weiſe: Celle 45, Hannover 38,
1516 3177 2794 3225 Osnabrück 21, Stade 29, Göttingen 24, Aurich 13, Hildesheim 10.
1583 3223 2814 3267 Von den ausgeloosten 840 Geſchwo nen entblieben 84, darunter
1513 3268 2812 3315 36 wegen Krankheit und 25, weil ihnen von der vorgeſetzten Dienſt⸗
1514 3809 2075 3853 valirten dagegen die letzteren.
1581 3358 2815 3402 Gegen 5 ungehorſamlich entbliebene Geſchworne wurden Geld⸗
1512 3403 2816 3450 ſtrafen von 50 bis 150 Thlr. erkannt. Sieht man auf die Berufs⸗
1510 3448 2817 3497 klaſſen, denen die (840) Geſchwornen angehörten, ſo war die Zahl der
1512 3494 2816 3540 Grundbeſitzer bei Weitem überwiegend (404, von 100 48,₁₀). Die
1510 3539 2811 3587 Zahl der Kaufleute und Fabrikanten war verhältnismäßig ebenfalls
1512 3586 2807 3628 bedeutend (164, von 100 19,₅₂) und namentlich bei den Schwur⸗
1511 3629 2816 3677 gerichten Göttingen und Hannover erheblich. Bei den Schwurgerich⸗
1512 3675 2817 3722 ten Aurich, Hildesheim, Osnabrück und Stade war die Zahl der
1513 3719 2811 3766 Grundbeſitzer größer als die Zahl der Geſchwornen, welche anderen
1511 3764 2818 3811 Berufsſtänden angehörten; in Celle, Göttingen und Hannover prä⸗
1582 3866 2816 3913 Von der Geſammtzahl der ausgeloosten Geſchwornen hatten 296
1508 3911 2817 3956 ihren Wohnſitz in Städten und 544 in Landgemeinden. Bei dem
1516 4137 1668 4171 Städter.
1509 3956 2799 3999 Schwurgerichte zu Hannov r war die Zahl der Städter und Land⸗
1511 4000 2814 4049 bewohner gleich (je 60); in Göttingen war die erſtere Zahl (61)
1508 4046 2807 4097 etwas größer als die letztere (59); bei allen übrigen Schwurgerichten
1506 4091 2809 4137 dagegen waren die Landbewohner in ſtärkerer Zahl vorhanden als die
1576 4193 2815 4238 Im Jahre 1861 wurden von den Schwurgerichten überhaupt 314
1504 4959 2807 5005 in Osnabrück um 17, Göttingen und Hannover um je 6 und Stade
1509 4238 2812 4282 Verbrechen abgeurtheilt, darunter 155 Diebſtähle, 52 Meineide, 18
1508 4282 2810 4330 Unterſchlagungen, 15 Betrügereien, 15 Kindesmorde, 10 Nothzuchts⸗
1507 4327 2811 4374 fälle, 5 Morde, 4 Todtſchläge, 5 Brandſtiftungen u. ſ. w. Die Zahl
1508 4373 2809 4416 der Diebſtähle war 1861 um 35 geringer, die Zahl der Meineinde
1507 4418 2808 4466 um 24 größer, als im Jahre 1860. Die Fälle des Betrugs haben
1506 4465 2809 4510 gegen 1859 um 35 und gegen 1860 um 10 abgenommen, die Zahl
1507 4508 2808 4554 der Brandſtiftungen desgleichen gegen 1859 um 3, gegen 1860 um
1509 4554 2804 4600 16. Das Verbrechen des Kindesmords hat zugenommen gegen 1860
1514 5011 1626 5041 um 4.
1506 4599 2807 4645 um 4, gegen 1859 um 11. Von der Geſammtzahl der Verbrechen
1506 4643 2803 4691 wurden 16 von Ausländern und 298 von Inländern verübt, ſo daß
1507 4689 2804 4732 1 Verbrechen auf 6336 Einwohner des Königreichs kam. Am Gün⸗
1505 4733 2811 4781 ſtigſten war dies Verhältnis im Schwurgerichtsbezirke Hildesheim
1505 4779 2810 4824 (1 auf 13,468 Einwohner), am ungünſtigſten in Celle (1 : 43262) und
1505 4825 2805 4877 Hannover (1 : 4523). Die Zahl der Verbrechen iſt gegen 1860 ge⸗
1504 4870 2807 4916 ringer geworden in Celle um 44, Aurich um 2, Hildesheim um 2,
1504 4913 2806 4968 im ganzen Königreiche um 15; vermehrt hat ſich dagegen die Zahl
1637 5980 2529 6024 Im Ganzen 482 Angeklagte, 350 Verurtheilte.
1575 5062 2807 5107 Die Zahl der Angeklagten betrug im Jahre 1861 256 (15 weni⸗
1505 5378 2275 5420 theilten Perſonen war nämlich folgende:
1505 5108 2805 5157 ger als 1860) und zwar wegen Diebſtahls 106 (17 weniger als
1505 5152 2806 5199 1860), wegen Meineides 59. Es iſt eine höchſt beklagenswerte Er⸗
1504 5198 2809 5246 ſcheinung, daß das ſchwere Verbrechen des Meineides erheblich zuge⸗
1505 5243 2804 5287 nommen hat. Seit dem Beſtehen der Schwurgerichte kamen in kei⸗
1505 5288 2807 5335 nem Jahre ſo viele Fälle dieſes Verbrechens zur Unterſuchung als im
1504 5333 2806 5379 Jahre 1861. Die Zahl der wegen Meineids angeklag.en und verur⸗
1546 6025 2804 6069 Das Verbrechen des Kindesmordes hat, ſoviel die Zahl der Ange⸗
1508 6207 1750 6247 tung um 14.
1502 6070 2804 6113 klagten betrifft 1861 um 4 zugenommen, das Verbrechen der Noth⸗
1501 6114 2807 6160 zucht um 3; das Verbrechen der Blutſchande dagegen hat abgenom⸗
1502 6160 2804 6205 men um 6, Betrug um 7, Körperverletzung um 14, Brandſtif⸗
1571 6251 2808 6294 Von den 256 angeklagten Perſonen wurden 212 (82,₈ pCt)
1504 6295 2806 6339 verurtheilt und 44 (17,₂ pCt.) freigeſprochen. Das Procentverhält⸗
1504 6340 2804 6384 niß der Verurtheilungen war bei dem Diehſtahle 94,₃, bei dem Kin⸗
1510 6386 2238 6426 desmorde 65,₅, bei dem Meineide 78,₉.
1503 6705 2810 6747 1858 128, 1859 107, 1860 118 und 1861 100 Perſonen verurtheilt.
1570 6426 2808 6475 Die Zahl der von den Schwurgerichten verurtheilten Perſonen hat
1503 6475 2807 6520 in den letzteren Jahren im Ganzen erheblich abgenommen, wie aus
1502 6521 2803 6567 den nachſtehenden Angaben zu erſehen iſt. Die Zahl dieſer Perſonen
1503 6569 2808 6611 betrug 1850 237, 1851 319, 1852 270, 1853 302, 1854 444, 1855
1500 6614 2807 6653 405, 1856 358, 1857 227, 1858 230, 1859 208, 1860 229, 1861
1502 6657 2812 6701 212. Wegen Diebſtahls wurden von den Schwurgerichten 1857 130,
1570 6748 2805 6791 Von den 212 im Jahre 1861 verurtheilten Perſonen waren 169
1502 6793 2809 6837 männlichen und 43 weiblichen Geſchlechts, darunter 153 dem In⸗
1512 7111 1898 7155 ſich ſchuldig gemacht.
1502 6839 2810 6884 lande angehörende Männer und 41 Weiber. Verglichen mit der
1503 6885 2805 6928 Einwohnerzahl des Königreichs kam 1 verurtheilter Mann auf 6167
1503 6929 2802 6973 männliche Bewohner und 1 verurtheiltes Weib auf 23,036 weibliche
1504 6975 2807 7018 B wohner des Konigreichs. Von den überhaupt verurtheilten 43
1505 7021 2808 7062 Weibern hatten 10 das Verbrechen des Kindesmordes verübt, 11
1504 7065 2806 7111 Meineide geſchworen, 13 des Diebſtahls und 9 ſonſtiger Verbrechen
1569 7167 2812 7212 Im Ganzen kam 1 Verurtheilter auf 9732 Einwohner des König⸗
1504 7304 2810 7352 wohnern), am Ungünſtigſten in Hannover (1 zu 7916 Einwohnern).
1502 7213 2810 7259 reichs. Das Verhältniß der Verurtheilten zur Bevölkerung war am
1504 7258 2808 7304 Günſtigſten im Schwurgerichtsbezirke Hildesheim (1 zu 16,161 Ein⸗
1569 7761 2812 7803 Die Todesſtrafe wurde im Jahre 1861 gegen 4 Perſonen (2 Män⸗
1502 7803 2809 7851 ner und 2 Weiber) erkannt, in 3 Fällen wegen Mordes und 1
2901 281 4213 344 Falle wegen Brandſtiftung. Die Strafe wurde indeß nur gegen 2
2902 330 3690 381 des Mordes ſchuldige Perſonen vollſtreckt.
2970 376 4201 431 Kettenſtrafe wurden gegen 10 Männer auf die Dauer von im
2904 419 4200 476 Ganzen 114 Jahren, Zuchthausſtrafe gegen 120 Männer und 27
3463 655 3660 699 (Schluß f.)
2903 465 4207 523 Weiber auf die Dauer von 567 Jahren erkannt. 7 Perſonen wurden
2903 513 3958 566 wegen Dienſtverbrechen zur Dienſtentſetzung verurtheilt.
2970 557 4209 615 Die Koſten des ſchwurgerichtlichen Verfahrens beliefen ſich auf
2906 604 4207 660 10,689 Thlr. 23 Gr. 3 Pf. (1250 Thlr. weniger als 1860). (N. H. Z.)
2988 694 4205 751 Hildesheim, 24. Febr. (Revidirte Städteord⸗
2902 757 4203 816 nung. Königl. Polizei.) In der heutigen öffentlichen
2894 1774 4133 1835 ſchlußfaſſung gebracht zu werden. (H. A. Z.)
2904 809 4201 871 Sitzung des Magiſtrats und der Bürgervorſteher wurde ein
2901 865 4202 932 Beſchluß der letzteren mitgetheilt, durch welchen der Magiſtrat
2899 925 4198 989 zu erwägen aufgefordert wird, ob es nicht an der Zeit ſei,
2905 979 4200 1045 behuf Beſeitigung der durch die revidirte Städteordnung her⸗
2904 1036 4198 1098 beigeführten Beſchränkungen der Selbſtändigkeit der Städte,
2899 1094 4186 1157 ſowie der aus denſelben Principien, auf welchen jene Reviſion
2899 1151 4197 1213 der Städteordnung von 1852 beruhte, unter dem Miniſterium
2898 1206 4199 1270 Borries hervorgegangen, u. a. auch die Uebertragung der
2899 1263 4195 1327 Polizeiverwaltung an eine königliche Polizeidirection einſchlie⸗
2898 1320 4194 1377 ßenden ſonſtigen Beſchränkungen eines freien Gemeinde⸗ und
2897 1375 4196 1440 Bürgerthums, geeignete gemeinſchaftliche Schritte der ſtädtiſchen
2898 1433 4194 1494 Collegien zu thun und zu näherer Erwägung der Sache eine
2898 1491 4196 1553 gemeinſchaftliche Commiſſion zu beſtellen. Dieſer Antrag
2896 1551 4193 1608 wurde nach einer Debatte, welche der Widerſpruch des heute
2896 1603 4191 1667 einmal in der Sitzung anweſenden Bürgervorſtehers Oſſenkop
2898 1661 4193 1724 hervorrief, zu Protokoll genommen, um in der nächſten ge⸗
2896 1718 4193 1779 meinſchaftlichen Sitzung zur ſachlichen Berathung und Be⸗
2978 1828 4191 1893 Heiſede, 22. Febr. (Taufe.) Trotzdem, daß die Pfar⸗
2893 1891 4190 1950 rer durch die übereinſtimmenden Nachrichten aller Zeitungen
2889 2283 4131 2341 frage unbedenklich wegließ. (N. K.)
2894 1943 4192 2002 belehrt worden, daß die Pathen bei der Taufe eines Kindes
2891 1999 4194 2061 die Teufelentſagungsfrage nicht zu beantworten brauchen, iſt
2891 2058 4193 2116 doch hier heute wieder der Fall vorgekommen, daß Herr
2893 2113 4189 2174 Paſtor Brauns die Entſagung verlangte. In Folge davon
2894 2170 4192 2229 hat der Vater des Kindes dasſelbe bei dem Herrn Superin⸗
2892 2229 4188 2288 tendenten Buſſe in Sarſtedt taufen laſſen, der die Entſagungs⸗
2971 2341 4189 2400 -h. Uelzen, 24. Febr. (Handelsverein.) Zur För⸗
2883 2849 3317 2890 Keitel und C. Lucks.
2885 2399 4186 2452 derung der gemeinſamen Intereſſen des Handels und Gewer⸗
2887 2453 4186 2512 bes unſerer Stadt hat ſich auch hier ſeit Kurzem ein Han⸗
2886 2510 4186 2568 delsverein gebildet, deſſen Mitgliederzahl bereits heute ſchon
2888 2568 4182 2625 39 beträgt, und recht bald noch erheblich ſich erweitern dürfte,
2883 2624 4182 2683 da hierbei kaum je, wie bei manchen Zunftverhältniſſen, been⸗
2884 2682 4186 2739 gende Beſchränkungen im Wege ſtehen. In den Vorſtand
2882 2737 4183 2795 wurden geſtern gewählt Fabr. Hoppe, Kfm. Töbing, Sped.
2882 2793 4187 2854 L. Hoevermann, und als Erſatzmänner die Kfl. Nahnſen,
2971 2903 4188 2963 ✽ Norden, 22. Febr. Zu Senatoren ſind nach der
2885 3075 3147 3121 Blatt nichts.
2888 2963 4188 3021 „Oſtfr. Z.“ geſtern E. L. Oldewurtel und A. Ibrügger gewählt
2885 3022 4187 3078 worden. Ueber deren Parteiſtellung ſagt das genannte
3208 4734 3862 4782 Amtliche Nachrichten.
2939 5476 4170 5527 Das achte Heft der erſten Abtheilung der Geſetzſammlung für das
2871 5702 3889 5752 24. Februar 1863. Commiſſion der Geſetzſammlung.
2870 5519 4175 5573 Königreich Hannover vom Jahre 1863 enthält: Geſetz, betreffend
2871 5565 4172 5617 Abänderung des §. 88 Nr. 3 des Landesverfaſſungsgeſetzes vom
2871 5611 4168 5660 6. Auguſt 1840; Geſetz, betreffend Abänderung des Abſchnitts II.
2871 5655 4164 5706 Cap. II. des Wahlgeſetzes von 6. November 1840. Hannover, den
3107 5816 3934 5882 Telegraphiſche Depeſche.
3286 6938 3759 6992 Vermiſchtes.
2959 7630 4175 7686 — Für Seefahrer wird es von Intereſſe ſein, zu er⸗
2874 7801 4167 7857 waſſer in gutes und geſundes Trinkwaſſer zu verwandeln,
2873 7685 4175 7735 fahren, daß die von Herrn Apotheker W. Detmers in
2870 7742 4174 7792 Oldenburg conſtruirten, patentirten Apparate um See⸗
4267 646 5565 695 Waſſers von 150 bis 200 Pfd. in einer Stunde. (W.⸗Z.)
4270 300 5571 358 jetzt wirklich angewandt werden, indem am 18. d. M. der
4270 363 5568 420 erſte derartige Apparat nach Motzen an Bord des Schiffes
4271 419 5573 473 Soujon, Capitän Wagner, abgegangen iſt. Der Apparat
4268 475 5570 530 iſt ſehr praktiſch eingerichtet, er nimmt keinen großen Raum
4270 532 5571 590 ein, braucht nicht viel Brennmaterial, iſt nicht koſtſpielig,
4269 589 5573 645 leicht zu handhaben und liefert die hinlängliche Menge guten
4357 704 5573 758 Bregenz. Daß Fenner v. Fenneberg nicht irrſin⸗
4269 761 5571 817 nig, ſondern bis zu ſeiner letzten Krankheit, die ihn kurze
4268 817 5569 874 Zeit vor ſeinem Tode befiel, bei vollem Verſtand geweſen iſt,
4268 875 5569 928 war ſchon durch den Aufſatz bewieſen den wir dem „Aus⸗
4265 932 5570 977 land“ entlehnten. Wenn dabei Cincinnati als der Ort der
4266 989 5571 1044 Sklavenverſteigerung bezeichnet wurde, ſo war dies ein lapsus
4265 1045 5509 1101 calami; es ſollte Savannah heißen. (Allg. Z.)
4543 1706 5265 1767 Handel und Verkehr.
4744 2475 5069 2532 Börſenberichte.
4662 2544 5155 2594 (Per Telegraph.)
4292 2862 5559 2917 Hamburg, 24. Febr. 3proc. Spanier 47. 1proc. do. 43¼.
4340 3041 5052 3086 Börſe feſt. Finnländiſche Anl. 90¼.
4250 2906 5559 2958 4proc. Schw. Bergw.⸗H.⸗Obl. — B., 95½ G., — bz. 4proc. do.
4251 2950 5557 3008 Wexiö Güter⸗Hyp. 91 Br., 90¾, G., 91 bz. 4proc. do. Gothenburg.
4251 2997 4679 3041 91 Br., — G., — bz.
4257 3131 5558 3185 Looſe 56⅞. 5proc. Met. 63⅝. 4½proc. do. —. Oeſterr. Nat.⸗
4251 3177 5489 3226 Anl. 68⅝. Oeſterr. Bank⸗Actien 820. Oeſterr. Cred.⸗Act. 223.
4342 3221 5560 3271 Günſtigere Stimmung für die meiſten Fonds und Actien bei
4251 3267 5560 3324 belebtem Geſchäft. Böhmiſche Weſtb. 72⅝. Finnländiſche Anl. 91¾.
4297 3085 5560 3144 Frankfurt, 24. Febr. Darmſtädter Bank⸗Actien 243. Kurh.
4294 3314 5555 3367 Wien, 24. Febr. 5proc. Metall. 75,20. 4½ proc. do. 65,50.
4342 3449 4698 3494 Beſſere Stimmung.
4249 3358 5555 3410 Bank⸗Actien 813,—. Nordbahn 190,20. 1854er Looſe 92,75. Nat⸗.
4249 3404 5485 3453 Anl. 81,60. St.⸗Eiſenb.⸗Act.⸗Cert. 234,50. Cred.⸗Act. 220,20.
4291 3495 5554 3550 Amſterdam, 24. Febr. 1proc. Span. 45¾. 3proc. do. 49⅞.
4339 3629 4622 3672 Lebhafte Börſe.
4246 3539 5555 3596 5proc. Ruff.⸗Stiegl. 82¾. 5proc. do. de 1855 89¹⁄₁₆. Mex. 31⅝.
4248 3585 4560 3627 Integrale 63⁹/₁₆.
4291 3675 5558 3728 Paris, 24. Febr. 3proc. Rente 69,—. 4½ proc. do. 98,50.
4244 3719 5556 3770 Italien. 5proc. Rente 69,40. 3proc. Span. 49⅞. 1proc. do. 46.
4245 3763 5557 3816 Oeſterr. St.⸗Eiſenb.⸗Act. 505,—. Cred.⸗Mob.⸗Act. 1115,—. Lomb.
4244 3809 4622 3856 Eiſenb.⸗Act. 575,—.
4244 3900 5552 3954 wich dann auf 69,05 und ſchloß äußerſt matt zur Notiz. Consols
4333 3858 5552 3908 Die 3proc. Rente, welche zu 69,60 begonnen, ſtieg auf 69,70,
4243 3946 5127 3997 von Mittags 12 Uhr waren 92½ eingetroffen.
4287 3991 5553 4046 London, 24. Febr. Conſols 92¼. 1proc. Spanier 46. Mex.
4331 4081 5006 4122 Silber 61⅝. — Bewölkter Himmel.
4245 4036 5396 4089 32⅜. Sard. 83½. 4½proc. Ruſſen 93¼. 5proc. do. 96.
4309 4227 5555 4278 Berlin, 24. Febr. Amſterdam kurz 144⅛ bz. do 2 Mon.
4247 4272 5557 4325 143⅜ bz. Hamb. kurz 152 bz. do. 2 Mon. 151⅜ bz. London
4238 4362 5554 4425 86⅜ bz. Frankfurt a. M. 2 Mon. 56 26 G. Petersb. 3W. 100⅙ bz.
4244 4316 5558 4371 3 Mon. 6 21⅜ bz. Paris 2 Mon. 80 bz. Wien 20 fl. 2 Mon.
4306 4411 5555 4455 Hamburg, 24. Febr. Paris 3 Mt. 192. k. S. 190. Lon⸗
4238 4453 5555 4505 don 3 Mt. 13 Mk. 2½ Schill. k. S. 13 Mk. 4½ Schill. Amſterdam
4239 4497 5554 4548 Crt. 2 Mt. 35,75. k. S. 35,45. Preuß. Thaler 152¾. Louis⸗ und
4238 4543 5391 4601 Friedrichsd’or 10 Mk. 13⅛ Schill. Disconto 3¼ a 3¾ ⁰⁄₀.
4307 4589 5555 4637 Bremen, 24. Febr. Amſterdam k. S. 130¾, —. 2 Monat
4240 4634 5554 4685 129¾. London k. S. 617,—. 2 Mt. 611,—. Paris 2 Mt. —‚—.
4238 4723 5144 4772 110, Käufer 110¼. Discont der Bank 3½ ⁰⁄₀.
4240 4678 5555 4733 Frankf. 2 M. 51⁷/₁₂. Pr. Bk.⸗Pl. 2 Mt. 111 Pr. Crt. Verkäufer
4304 4827 5551 4883 Berlin 24. Febr. (Staatspapiere.) Pr. Staats⸗Anleih
4241 4872 5551 4924 1859 106¾ bz. do. 1850/1852 99⅛ B. do. 1854, 55 und 57
4243 5550 5047 5595 Bkn. m. R. 99⅞ bz. do. o. R. 99⅓ G.
4241 4915 5551 4970 101½ bz. do. 1859 101½ bz. do. 1856 101½ bz. do. 1853 100
4235 4962 5551 5019 bz. Staats⸗Schuldſch. 89¼ bz. Staats⸗Prämien⸗Anl. 129½ bz.
4239 5007 5546 5061 Oeſterr. Nat.⸗Anl. 70¾ bz. Ruſſiſch⸗Stiegl. 6. Anl. 96½ a 96¼
4236 5052 5550 5103 bz. u. B. Engl. Anl. 94⅝ a 94¾ bz. Deſſauer Prämien⸗Anl.
4240 5097 5551 5155 105½ etw. bz. (Bank⸗Actien.) Braunſchw. Bk. 83½ bz.
4235 5142 5553 5196 Hamb. Nordd. Bk. 106¼ G. do. Vereins⸗Bk. 103 G. Hann. Bk.
4240 5188 5554 5245 100½ bz. Bremer Bk. 107½ G. Darmſt. Cred.⸗Bk.⸗Act. 93¾
4237 5233 5552 5289 bz. u. G. Leipziger do. 83¼ G. Deſſauer do. 7½ a 7⅜ etw.
4240 5279 5552 5334 bz. Oeſterr. do. 95⅜ a 95⅝ bz. u. G. Disc.⸗Command.⸗Anth.
4238 5323 5551 5380 98½ a 98¾ bz. (Eiſenbahn⸗Actien.) Cöln⸗Mind. 176 bz.
4237 5368 5553 5425 Coſel⸗Oderb. (Wilh.) 63¼ bz. Oeſterr.⸗Franz. Staatsb. 136 bz. u.
4238 5413 5551 5469 G. (Prioritäts⸗Obligationen.) Cöln⸗Mindener 101½ G.
4237 5459 5550 5516 do. 2 Emiſſ. 103½ B. do. 4. Emiſſ. 93¾ B. Oeſterr.⸗Franz.
4237 5504 5549 5560 279 bz. (Gold und Papiergeld.) Louisd’or 110 B. Fr.
4697 5861 5091 5901 Colonialwaaren.
4308 5915 5527 5969 Bremen, 23. Febr. Tabacke, nordamerik. Verkauft ſind
4240 5960 5532 6016 132 Faß Stengel, Virginy und Kentucky, und disponirt: 89 F
4240 6005 4860 6049 Kentucky Taback, 15 F. Stengel.
4608 6052 5170 6098 Lager 1. Hand am 21. Febr.
4239 6096 5548 6152 1863. 3302 F. Maryland, Ohio, Bay u. Scr., 43 F. Virginy,
4385 6142 5343 6192 4370 F. Kentucky⸗ u. Maisville, 243 F. Stengel.
4242 6186 5544 6244 1862. 9340 F. Maryland, Ohio, Bay u. Scr., 320 F. Virginy,
4350 6276 5423 6327 Total: 1863 . . . . 7958 F. 1862 . . . . 12,556 F.
4405 6231 5367 6283 912 F. Kentucky⸗ u. Maisville, 1984 F. Stengel.
4237 6321 5546 6371 Weſtindiſche und südamerik. Vom Lager erſter Hand wurden ver⸗
4236 6367 5546 6416 kauft: 1108 Seronen Havana, 2304 Ser. Ambalema, 819 Colli
4236 6412 5550 6471 Carmen und Columbia, 267 Seronen Giron, 23 Kiſten Seedleaf
4236 6457 4664 6496 und 40 Packen Lunka.
4584 6505 5161 6549 Lager 1. Hand am 21. Febr.
4240 6548 5544 6605 1863. 5251 S. Havana, 20613 S. Cuba, 14514 S. Domingo,
4396 6593 4751 6634 1923 P. Port. Bl.
4236 7046 4682 7088 1862. 761 P. Lunka.
4239 6638 5545 6695 1862. 1027 S. Havana, 8695 S. Cuba, 994 S. Domingo,
4368 6683 4753 6724 29234 P. Port. Bl.
4238 6729 5533 6783 1863. 6 Kb. Varinas⸗Roll., 95 P. Amiſtad⸗, 10714 P. Braſ. Bl.,
4424 6776 4704 6819 160 P. Mexic.
4238 6820 5118 6864 1862. 95 P. Amiſtad, 4053 P. Braſ. Bl.
4239 6866 5529 6921 1863. 8855 P. Col. Bl., 1355 K. Seedl., 140 K. Florida,
4431 6912 4751 6955 52 P. Laguayra.
4239 6956 5544 7007 1862. 1402 P. Col. Bl., 4696 K. Seedl., 254 K. Florida.
4238 7002 5419 7050 1863. 416 P. Japan, 436 P. Lunka, 15 P. Griechenland.
4351 7092 5421 7143 Total: 1863 . . 63,050 S., P. u. Kb. und 1495 Kſt.
4521 7139 5394 7189 1862 . . 47,991 „ „ „ „ „ 4950 „
1781 5419 2537 5468 1850 24 Angeklagte, 17 Verurtheilte,
1787 5471 2424 5505 1851 21 „ 19 „
1788 5516 2425 5551 1852 26 „ 19 „
1789 5562 2427 5595 1853 40 „ 27 „
1791 5607 2427 5640 1854 55 „ 41 „
1787 5651 2428 5686 1855 49 „ 34 „
1788 5698 2425 5730 1856 53 „ 44 „
1787 5743 2425 5775 1857 48 „ 31 „
1786 5787 2424 5820 1858 48 „ 34 „
1789 5833 2426 5866 1859 33 „ 20 „
1786 5879 2426 5911 1860 26 „ 18 „
1787 5924 2426 5956 1861 59 „ 46 „
