6042 8183
769 303 2065 393 arbeiten zur Reviſion des Strafgeſetzes für Preß⸗
768 362 2065 456 vergehen vom 10. November 1848 bereits begonnen, und
770 419 2066 505 wurden insbeſondere die Gerichtshöfe zur Berichterſtattung
768 474 2067 568 aufgefordert. — Demſelben Blatt zufolge richtete die ita⸗
762 533 2062 620 lieniſche Regierung an die baierſche das Erſuchen, Ver⸗
765 599 2068 682 handlungen behufs Abſchluſſes eines Poſtvertrages an⸗
763 651 2068 741 zubahnen und zwar auf Grundlage des unlängſt zwiſchen den
757 711 2069 793 deutſchen Staaten und der Schweiz abgeſchloſſenen Poſtver⸗
767 770 2070 853 trages. — Die „Correſp. Hoffmann“ bezeichnet den Aus⸗
764 829 2068 911 tauſch der Ratificationen über den Ulmer Feſtungsver⸗
760 888 2069 970 trag als ein bedeutſames Moment für die innigen Be⸗
757 948 2069 1029 ziehungen, die zwiſchen Baiern und Württemberg obwalten
757 1006 2070 1076 und als den beſten Beweis, daß die beſonnene Politik bei⸗
761 1065 2069 1136 der Staaten, welche die wohlberechtigte Selbſtändigkeit Süd⸗
761 1124 2070 1201 deutſchlands mit der vollkommenen Wahrung der nationalen
760 1182 2071 1258 Intereſſen in Einklang zu bringen beſtrebt iſt, eine richtige
761 1257 1165 1316 und erfolgreiche iſt.
848 1299 2073 1374 Nach den heute publicirten „Dienſtesnachrichten“ hat der
761 1359 2073 1435 König vou der ihm nach §. 18 des Edicts über den Adel
760 1416 2073 1491 des Königreichs erſtatteten Anzeige von dem freiwilligen
760 1474 2072 1551 Verzicht des Fürſten Paul v. Thurn und Taxis
762 1535 2074 1608 auf ſeinen bisherigen Geſchlechtsnamen und Adel
762 1593 2077 1663 Kenntniß genommen und zu genehmigen geruht, daß derſelbe
768 1651 2077 1727 „von nun an den Familiennamen Fels“ führen; ferner hat
764 1710 2078 1780 der König ſich bewogen gefunden, den „beſagten Fels“ für
761 1768 2077 1841 ſeine Perſon mit dem Prädicat „von“ in den Adelsſtand
764 1828 2076 1898 des Königreichs zu erheben. (Beſagter „Fels“ wollte näm⸗
762 1885 2078 1958 lich, wie früher berichtet worden, eine Schauſpielerin heira⸗
761 1954 1543 2018 then oder hat ſie ſchon geheirathet.
2121 272 3433 354 nach Plombières begeben wird. Allen, welche den Kaiſer
2122 329 3432 411 ſahen, fiel es auf, daß er ſehr ſchlecht ausſieht; das Gehen
2124 389 3435 466 wird ihm ſchwer. — Der Geſetzgebende Körper be⸗
2127 452 3437 527 rieth geſtern zunächſt über das Marine⸗Budget und dann
2128 509 3438 582 über das Buget des Unterrichtsminiſteriums. Zum letzteren
2125 569 3432 643 Etat ſprach zuerſt Jules Simon, indem er Duruy’s ganzes
2124 615 3434 704 Syſtem, namentlich aber das willkürliche Verfahren desſelben
2124 685 3434 757 bei der Ertheilung der Erlaubniß zu öffentlichen Vorleſungen
2125 743 3436 819 bekämpfte. Duruy wußte ſich natürlich über Alles beſtens
2125 802 3436 881 zu rechtfertigen, aber freilich unter Darlegung von Anſchauun⸗
2127 860 3431 939 gen, wie ſie von ſolcher Stelle wol in China, aber nimmer
2126 918 3442 989 in dem Lande gehört werden ſollten, das „an der Spitze der
2130 976 3442 1052 Civiliſation marſchirt.“ Man klage, ſagte er u. A., daß die
2128 1037 3436 1104 Literatur in Verfall gerathen ſei. Dieſes komme daher, daß
2128 1095 3443 1169 man ſich zu ſehr mit der Politik abgebe, und wie früher
2129 1154 3441 1224 Jeder ein fünfactiges Drama habe ſchreiben wollen, ſo trachte
2131 1211 3440 1289 heute Jeder danach, einen Leitartikel zur Welt zu bringen.
2131 1273 3444 1341 Die Journaliſten hätten die großen Schriftſteller getödtet.
2132 1328 3440 1405 Aber abgeſehen davon, ſei die Politik und die Religion
2133 1388 3446 1460 aus allen öffentlichen Verſammlungen, dem Geſetze über
2133 1448 3445 1518 das Vereinsrecht zufolge, verbannt, und er, der Unter⸗
2133 1505 3443 1580 richts⸗Miniſter, könne nicht gegen das Geſetz handeln.
2136 1564 3447 1644 Auf dieſe Entwickelung Duruy’s erwiderte dann Jules
2136 1623 3449 1697 Simon ſehr gut, das heiße, den Franzoſen daraus einen
2137 1680 3451 1755 Vorwurf machen, daß ſie ihrer Zeit angehören. Heute, Gott
2137 1743 3448 1814 ſei Dank, beſchäftige ſich Jeder mit Politik, weil Jedermann
2138 1800 3452 1873 Bürger und nicht mehr Unterthan ſein wolle. „Wir fürchten
2137 1860 3451 1930 die Politik nicht, weil wir ſie als ein Element betrachten,
2138 1917 3449 1989 welches Herz und Geiſt ſtärkt, und da Frankreich ſeit ſo
2138 1976 3450 2049 langer Zeit ſich nicht mit ſeiner eigenen Politik befaſſen
2138 2035 3445 2101 konnte, iſt es in Verfall gerath n. (Lärm.) Sie haben
2140 2093 3454 2164 übrigens nicht Angſt vor der Politik gewiſſer Leute, Sie be⸗
2140 2151 3452 2221 fürchten nur die derer, welche Ihre eigene beurtheilen
2141 2211 3455 2271 wollen.“ Und noch viel energiſcher wies Jules
2144 2269 3458 2335 Favre Duruy zurecht. „Der Miniſter ſucht die Ur⸗
2144 2327 3459 2395 ſache, weshalb der öffentliche Geiſt in Frankreich in
2144 2387 3458 2454 Verfall geräth. Wir haben nicht nöthig, danach zu forſchen;
2143 2444 3452 2513 ich finde ſie hinlänglich in dem Regime, deſſen Miniſter er iſt.“
2145 2503 3462 2570 Beſonderes Intereſſe bot in der Verſammlung noch die An⸗
2146 2560 3462 2628 nahme eines Amendements, welches verlangte, es ſolle im
2147 2622 3461 2687 Text des Etats nicht geſagt werden „Lehrſtuhl“, ſondern
2155 2679 3463 2748 „Lehrſtühle für ſlaviſche Sprachen und Lite⸗
2148 2737 3467 2796 ratur“. Carnot wies die politiſche Wichtigkeit der
2150 2795 3469 2864 Frage nach. Durch Beibehaltung des gegenwärtigen Titels,
2151 2856 3469 2920 der die ſämmtlichen ſlaviſchen Sprachen in Eins zuſammen⸗
2153 2911 3470 2980 wirft, würde die Geſetzgebung auch die ſlaviſchen Nationali⸗
2152 2969 3469 3035 täten in Eine zuſammenfaſſen und den ruſſiſchen Ehrgeiz
2152 3030 3472 3098 rechtfertigen. Indem man die Wirklichkeit der ſlaviſchen Nationen
2155 3089 3475 3153 anerkenne, werde jede derſelben ſich moraliſch geſtärkt fühlen,
2155 3148 3474 3213 um dem übergreifenden Syſteme Rußlands zu widerſtehen.
2156 3206 3472 3271 Der Panſlavismus behaupte die Einheit der ſlaviſchen
2157 3266 3477 3333 Sprache, um die Einheit der Race glauben zu machen, und
2156 3324 3478 3390 dadurch zu der Einheit der Territorien zu gelangen. Europa
2157 3380 3476 3447 müſſe dieſen Beſtrebungen widerſtehen durch eine Coalition
2159 3442 3477 3506 ſeiner drei großen Mächte, der ſlaviſchen (nichtruſſiſchen),
2160 3503 3482 3566 germaniſchen und lateiniſchen. Das Amendement wurde,
2160 3558 3479 3624 wie geſagt, angenommen; ein Beſchluß, der als Kundgebung
2161 3615 3483 3683 gegen Rußland, nicht ohne Bedeutung iſt. Indem die Re⸗
2162 3674 3483 3741 gierung ſich demſelben nicht widerſetzte, zeigte ſie, daß ſie
2162 3733 3478 3799 von irgend welcher Verſtändigung mit Rußland auf Grund
2161 3792 3483 3858 des ſpecifiſch nationalen Programms desſelben noch weit ent⸗
2163 3863 2343 3916 fernt iſt.
845 2003 2079 2077 Stuttgart, 16. Juli. Bei der geſtrigen Ergän⸗
764 2062 2079 2135 zungswahl in Freudenſtadt haben von 5031 Berechtigten
763 2120 2079 2190 4366 abgeſtimmt, davon 3125 für Walther (national⸗
765 2176 2078 2248 liberal), 1116 für Hezel von Dornſtetten, während die
765 2238 2080 2309 übrigen Stimmen ſich zerſplitterten. In Eßlingen, Stadt,
766 2294 2081 2360 wurden am 15. bei der Ergänzungswahl 1010 Stimmen ab⸗
769 2351 2081 2427 gegeben und iſt damit, wie der „Beobachter“ mittheilt, die
769 2409 2083 2484 Wahl Deffner’s (Volkspartei) geſichert. Die in Göppin⸗
768 2471 2077 2542 gen nothwendig gewordene Nachwahl zwiſchen Beckh und
769 2526 2085 2599 Hölder iſt vom königl. Oberamt auf den 25. d. M. feſt⸗
773 2608 1077 2661 geſetzt worden.
1119 2688 1714 2754 Dänemark.
861 2759 2081 2839 ✽ Kopenhagen, 17. Juli „Berlingske Tidende“
771 2820 2090 2897 zufolge wird die ſchwediſche Königsfamilie im Laufe
771 2881 2092 2952 dieſes oder zu Anfang künftigen Monats dem Hofe zu
773 2951 1620 3012 Kopenhagen einen Beſuch abſtatten.
947 3046 1939 3113 Großbritannien.
867 3119 2093 3186 ✽ London, 18. Juli. Die Blokade des mexikani⸗
774 3179 2095 3250 ſchen Hafens von Mazatlan wurde geſtern im Ober⸗
778 3238 2100 3307 hauſe Gegenſtand einer Anfrage an die Regierung. Der
781 3296 2098 3364 Earl of Denbigh wünſchte Aufklärung über den rechtlichen
778 3353 2097 3423 Charakter der Maßregel. Der Earl of Malmesbury
777 3416 2101 3479 erklärte indeſſen über die aus amerikaniſchen Zeitungen ge⸗
777 3471 2099 3541 ſchöpften Einzelnheiten hinaus liege dem Miniſterium nichts
781 3530 2101 3600 Näheres vor. Die einzigen Mittheilungen, welche der Re⸗
780 3588 2101 3660 gierung zugegangen, ſeien in zwei Depeſchen enthalten. Die
781 3647 2105 3707 eine d. d. 4. Juli erkläre, daß wegen eines Attentates auf
781 3705 2103 3777 engliſche Unterthanen der commandirende Capitän auf eigene
784 3764 2101 3832 Verantwortung Mazatlan geſperrt habe. Berechʇigt ſei ein
782 3822 2104 3893 ſolches Vorgehen nur unter beſonderen Verhältniſſen und in
786 3880 2106 3952 Ermangelung von Einzelnheiten könne er (Lord M.) in die⸗
784 3939 2109 4011 ſem Punkte keine Anſicht ausſprechen. Am 10. ſei darauf
786 4001 2107 4069 von Admiral Haſting’s ein Telegramm eingelaufen, dem zu⸗
786 4056 2108 4128 folge an den vor Mazatlan liegenden Capitän die Ver⸗
796 4117 1871 4186 fügung abgegangen war, die Blokade aufzuheben.
3493 261 4812 318 der König zu ſolcher Verbindung geneigt ſein ſollte, ſo wür⸗
3495 319 4812 375 den alle dahin zielenden Beſtrebungen doch an dem Wider⸗
3496 374 4810 432 ſtande des Miniſteriums, der Kammern und des Landes
3497 432 4815 492 ſcheitern. Das Gerücht von einer Reiſe des Königs nach
3499 490 4814 550 Plombières habe dem Gerücht von den Allianzprojecten be⸗
3498 547 4819 612 ſonderes Gewicht gegeben. Dieſe Reiſe ſtände nicht in Aus⸗
3499 605 4815 669 ſicht, da ſich die königliche Familie nach Spa begeben werde.
3501 662 4816 728 Die ganze Allianzgeſchichte ſei von den klerikalen Blättern
3502 721 4819 796 (das „Journal de Bruxelles“ hatte ihrer zuerſt erwähnt)
3503 778 4825 847 aufgebracht worden, um eine Gelegenheit zu haben, dem
3502 837 4823 899 liberalen Miniſterium Schwierigkeiten zu bereiten. Es wird
3503 895 4824 965 übrigens behauptet, daß jenes Allianzproject hauptſächlich
3504 953 4828 1019 von dem holländiſchen Miniſterium von Zuylen angeregt
3503 1009 4832 1075 und mit dem Falle dieſes Miniſteriums auch gefallen wäre.
3594 1081 4835 1151 Die pyrotechniſche Schule in Metz iſt geſtern
3506 1139 4834 1211 durch eine Exploſion ſtark beſchädigt worden; das Feuer hat
3502 1197 4834 1271 ſich auf die übrigen Gebäude der Anſtalt ausgedehnt. Ver⸗
3506 1255 4835 1329 luſte an Menſchenleben ſind nicht zu beklagen. — Der Zu⸗
3506 1313 4835 1388 ſtand des Grafen v. d. Goltz hat ſich wieder in Beſorgniß
3508 1372 4841 1448 erregender Weiſe verſchlimmert. — Der General Mieros⸗
3509 1429 4832 1503 lawski hat einen Brief an die „France“ gerichtet, in
3509 1487 4842 1564 welchem er ſeine Theilnahme an den inſurrectionellen Umtrie⸗
3512 1563 4168 1622 ben in Prag in Abrede ſtellt.
3600 1619 4848 1689 Am Dienstag iſt, wie der „Moniteur“ meldet, die letzte
3513 1678 4844 1749 eiſerne Sänle der großen Maſchienen⸗Galerie, welche ſich als
3514 1738 4845 1810 äußerſten Ring um das Ausſtellungsgebäude geſchlungen
3512 1795 4849 1870 hatte gefallen. Auf dem weiten Marsfelde ſtehen jetzt
3513 1854 4848 1926 nur noch die Directionsgebäude der Ausſtellunds⸗Commiſſion,
3516 1912 4850 1985 das elegante Schweizerhaus, in welchem Herr Leplay ſeine
3517 1971 4848 2042 Bureaux aufgeſchlagen, und der Bardo des Bey’s von Tunis.
3519 2031 4851 2102 Der gegen die Militärſchule zu liegende ſüdliche Theil des
3520 2090 4855 2159 Marsfeldes iſt bereits völlig nivellirt und der Circulation wieder
3519 2149 4854 2220 übergeben. Der nördliche Theil wird nächſtens ebenfalls
3521 2207 4854 2276 von ſeinen Schutthaufen befreit ſein. Der See, an dem ſich
3523 2267 4856 2335 der Leuchtthurm erhob, iſt wieder mit Erde ausgefüllt. Von
3524 2326 4857 2388 allen Monumenten, die ſich da zuſammendrängten, iſt nur
3524 2384 4858 2453 noch eine der Fontainen in der Nähe des Haupt⸗Ein⸗
3528 2458 3816 2514 ganges übrig.
878 4181 2110 4254 Zum erſten Male ſeit langen Jahren weist der Ausweis
792 4237 2112 4311 des General⸗Regiſtrators für Irland einen Zuwachs der
791 4298 2111 4369 Bevölkerung nach. In den drei erſten Monaten dieſes
794 4354 2113 4430 Jahres waren die Geburten 38,182, die Todesfälle 25,274
794 4413 2115 4487 und die Zahl der Auswanderer 12,527. Demnach hat die
797 4473 2117 4548 Volkszahl um 381 zugenommen. — In Folge der geringen
796 4533 2117 4607 Anzahl von Criminalfällen vor den Aſſiſen und der auf der
800 4589 2117 4666 ganzen Inſel herrſchenden Ruhe, dürfte die Regierung ſich
799 4647 2119 4717 wol bald veranlaßt ſehen, falls keine neuen Störungen ein⸗
797 4706 2118 4784 treten, die Habeas⸗Corpus⸗Acte, die nun faſt anderthalb Jahr
801 4765 2118 4840 lang ſuspendirt war, wieder in Wirkſamkeit treten zu laſſen.
3617 2620 4860 2688 ✽ Liſſabon, 17. Juli. Der Herzog von Loulé hat
3528 2681 4859 2746 die Bildung eines Cabinets abgelehnt und iſt nunmehr der
3531 2742 4858 2806 Herzog von Avila mit Neubildung desſelben betraut wor⸗
3531 2795 4862 2861 den. — Wie aus Oporto gemeldet wird, findet heute daſelbſt
3534 2854 4864 2924 ein großes gegen den Herzog von Loulé gerichtetes Mee⸗
3537 2929 3741 2982 ting ſtatt.
2226 3933 3493 3997 Gegenüber den Dementi’s, welche die Nachricht über Ver⸗
2168 3990 3492 4055 handlungen Frankreichs mit Belgien und Hol⸗
2169 4052 3491 4108 land in Betreff einer Handels⸗ und ſelbſt Militär⸗Con⸗
2168 4109 3494 4169 vention gefunden hat, behauptet die deutſche Pariſer Cor⸗
2168 4167 3495 4229 reſpondenz aus ſicherſter Quelle zu wiſſen, daß Beſtrebungen
2171 4223 3497 4285 der franzöſiſchen Regierung in dieſer Richtung in der That
2172 4280 3496 4343 vorhanden ſeien. Auch die Schweiz ſei zur Eingehung eines
2173 4341 3498 4403 ſolchen Uebereinkommens von Frankreich aufgefordert wor⸗
2175 4396 3499 4461 den. (?) Der Zweck bei dieſem Plane ſei ein doppelter. Ein
2175 4456 3499 4513 Mal wäre es eine erwünſchte Ausbreitung der Macht
2176 4514 3501 4576 Frankreichs, wenn Holland, Belgien und die Schweiz
2176 4573 3502 4627 unter eine commercielle und militäriſche Oberhoheit ge⸗
2174 4631 3501 4695 langten, und zweitens könnte die Regierung mit dieſen
2184 4689 3503 4754 „moraliſchen Eroberungen“ im nächſten Jahre zuverſichtlich
2176 4750 3504 4809 vor das allgemeine Stimmrecht treten. Auffallend kann
2176 4807 3501 4870 jedenfalls erſcheinenn, daß in den mit der Regierung in Ver⸗
2177 4866 3498 4928 bindung ſtehenden Provinzialblättern heute, wie auf ein höhe⸗
2177 4924 3501 4979 res Commando, der Beweis geführt wird, daß Frankreich mit
2181 4982 3506 5045 Belgien und Holland eben ſo gut Handels⸗ und Militär⸗
2181 5041 3509 5103 verträge abſchließen könne, wie Preußen mit den deutſchen
2183 5099 3511 5160 Südſtaateu. Uebrigens fahren die belgiſchen Blätter ein⸗
2184 5158 3510 5219 müthig fort, jeden Gedanken an derartige Pläne auf das
2188 5215 3513 5276 Entſchiedenſte zurückzuweiſen. Die „Independance“ erklärt,
2187 5274 3513 5348 ſie habe die betreffende Nachricht nur gebracht, um die Re⸗
2189 5332 3506 5394 gierung zu nöthigen, ſich darüber auszuſprechen. Der „Etoil“
2189 5390 3513 5452 ſagt, Belgiens Rolle ſei beſtimmt vorgeſchrieben; ſollte im
2191 5450 3513 5506 Falle eines Krieges ſein Gebiet angegriffen werden, ſo würde
2192 5508 3517 5560 es der natürliche Alliirte aller der Mächte ſein, welche es gegen
2193 5566 3518 5626 den Angreifenden ſchützen würden. Der „Nord“ ſagt, wenn auch
3903 2548 4486 2612 Portugal.
3625 3093 4870 3158 Von der polniſchen Grenze, 10. Juli, ſchreibt man
3542 3151 4871 3217 der „A. Z.“: „Sämmtlichen Lehrern nichtruſſiſcher Nationalität
3543 3214 4871 3273 im ehemaligen Königreich Polen iſt der Befehl zugegangen,
3542 3270 4873 3332 bis ſpäteſtens 1. Januar 1869 bei der Prüfungs⸗Commiſſion
3541 3330 4870 3392 für ruſſiſche Sprache in Warſchau ihre Prüfung abzulegen,
3545 3386 4873 3449 da mit dem genannten Tag in allen Schulen des bis⸗
3544 3444 4872 3510 herigen Königreichs Polen ohne Ausnahme die
3547 3505 4877 3567 ruſſiſche Sprache alleinige Unterrichtsſprache
3547 3564 4875 3623 ſein wird. Aber nicht allein an den öffentlichen Schulen
3547 3621 4879 3686 jeder Kategorie, ſondern auch an Privat⸗Inſtituten, ſowol
3549 3682 4876 3743 für Knaben und Mädchen, wird allein in ruſſiſcher Sprache
3553 3737 4876 3800 unterrichtet werden, und es können vom 1. Januar 1869
3554 3798 4875 3859 an in dieſen Schulen nur ſolche Lehrer und Lehrerinnen be⸗
3553 3857 4883 3920 ſchäftigt werden, welche eine Prüfung im Ruſſiſchen be⸗
3557 3916 4881 3976 ſtanden haben. Was aus den Schulen auf dem platten
3558 3976 4884 4033 Lande, wo noch Niemand die ruſſiſche Sprache verſteht, wer⸗
3559 4039 4167 4093 den ſoll, iſt nicht abzuſehen.
4903 1319 5977 1390 und ihren Wohlſtand, feindlich gegen jedes Rechtsgefühl —
4909 1550 5981 1628 hatte, der Ausbeutung des preußiſchen Sieges ein engeres
4909 1596 5977 1679 zu ſetzen.“ (S. 33.) — Sodann wird auseinandergeſetzt,
4912 1643 5980 1721 Frankreich dieſen Fehler jetzt wieder gut zu machen habe
4911 1691 5974 1769 durch, daß es möglichſt raſch zur Kriegserklärung ſchreite,
4914 1877 5962 1950 das Raubthier.“ (S. 41.) — „In dieſem ſeinem Kampfe
4917 1971 5977 2042 nigen Deutſchen, die mit uns den wahren Erbfeind
4918 2065 5968 2134 zollern. Wir haben mit Frankreich das gemein
4919 2113 5975 2183 Intereſſe der Zurückwerfung der Dynaſtie Hohenzollern
4920 2299 5955 2363 zugleich aber auch für die anderen Völker.“ (S. 37.) —
4923 2346 5969 2415 man ſolche Worte liest, ſieht man ſich mit aufrichtige
4922 2394 5968 2462 dauern nach dem Schandpfahl um, den die Strafrech
4924 2440 5959 2506 unſerer Zeit abgeſchafft hat, weil ſie der Meinung war,
4927 2535 5958 2598 Auffaſſung liegt heute klar zu Tage; es giebt Geſindel,
4925 2582 5945 2641 den Pranger gehört, leider aber keinen Pranger mehr,
4929 2726 5083 2764 bunden.
4876 292 5958 372 anſieht, verſteht ſich von ſelbſt und wird durch eine große
4876 389 5918 453 mitgetheilt ſein mögen, nachdem wir zuvor ein paar
4878 434 5923 505 von der Geſchichtskenntniß des Verherrlichers Tilly’s
4878 480 5968 560 kleinerers Friedrich’s des Großen zeugende Expectorationen
4879 527 5959 605 Preußen angeführt haben werden. Unter den letzteren
4882 573 5892 636 ſich z. B. folgende: „Der Beginn des preußiſchen
4883 620 5881 688 Felonie und Kirchenraub.“ (Seite 7.) — „König
4882 667 5907 732 (es iſt derſelbe gemeint, den die Geſchichte trotz Herrn
4886 714 5951 790 immer hartnäckig den Großen nennt) „wurde der Fluch
4885 762 5910 833 ſeines eigenen Volks und mittelbar aller Völker
4887 809 5971 883 Seite 12.) — „Der Staat der Hohenzollern hat niemals
4889 855 5917 919 Schwertſtreich für Deutſchland gethan.“ (Seite 13.) —
4889 901 5907 969 nahme von Oeſterreich gab es kein deutſches Land,
4891 948 5971 1024 der Ordnung ſeiner Verwaltung, in der Gewiſſenhaftigkeit
4895 996 5863 1049 Rechtspflege, in der Fürſorge für die Schule und
4895 1042 5975 1116 alle realen Güter des Lebens dem Staate der Hohenzollern
4897 1088 5895 1151 geſtanden wäre.“ — Ueber die Stellung der Coterie,
4899 1134 5975 1215 führer Herr Onno Klopp iſt, zu Frankreich geben folgende
4899 1181 5926 1245 len Aufſchluß: „Die Vernichtung des Syftems der
4902 1226 5943 1296 Hohenzollern, weil es feindlich iſt gegen den friedlichen
4901 1272 5945 1343 der Völker neben einander, feindlich gegen ihre Volksent
4903 1364 5962 1438 im Intereſſe der menſchlichen Civiliſation, im Intereſſe der
4908 1503 5962 1576 reich im Jahre 1866 nicht ſich rechtzeitig in den Stand
4913 1736 5935 1814 geſagt: „Dieſer Krieg iſt ein Defenſivkrieg, denn
4913 1784 5956 1861 erobernde Militärmacht der Hohenzollern iſt jeder Krieg
4914 1832 5960 1902 ſelben Art ein defenſiver, wie der Kampf des Menſchen
4921 1925 5954 1992 Frankreich ſeine Bundesgenoſſen finden an allen
4918 2017 5959 2088 deutſchen Weſens erblicken in dem Principe der Dynaſtie
4920 2160 5924 2227 ſeits der Elbe.“ (S. 35.) — „Nur die franzöſiſche
4921 2206 5904 2266 iſt im Stande aufzutreten als die Schützerin und
4920 2253 5921 2313 digerin des Rechtes auf Erden, zunächſt für
4927 2629 5883 2683 der öffentlichen Verachtung; an dieſen ſind die
4928 2676 5902 2732 welfiſch⸗franzöſiſchen Schandſchriften freilich ſchon
4873 245 5845 305 ſondern vielmehr als den natürlichen Verbündeten
4876 341 5742 395 Ausſprüche erhärtet, von denen einige der
4905 1413 5850 1468 erhaltung zunächſt der Deutſchen und der
4907 1458 5892 1525 (S. 31.) — „Es war ein unendlich ſchwerer Fehler,
4925 2488 5840 2541 keine an denſelben gehörende Leute mehr. Der
890 4830 2120 4909 Zum Nutzen und Frommen der vielen in der Haupt⸗
803 4892 2119 4967 ſtadt weilenden Japaneſen, ſoll mit Nächſtem hier eine
805 4959 1611 5027 japaneſiſche Zeitung erſcheinen.
3956 3023 4471 3077 Rußland.
875 5017 2124 5087 (Berichtigung.) In der letzten Nummer hatte ſich ein
804 5065 2122 5133 ſinnentſtellender Druckfehler eingeſchlichen. Statt „heutiger“
806 5119 1722 5180 mußte es heißen „hieſiger“ Verſammlung.
1152 5204 1800 5280 Frankreich.
903 5285 2130 5359 ✽ Paris, 18. Juli. Heute war Miniſterrath in
818 5344 2132 5413 den Tuilerien unter dem Vorſitze des Kaiſers; wie man
813 5401 2129 5470 vernimmt, wurde der Vertrag zwiſchen der Stadt Paris und
817 5460 2134 5526 dem Credit foncier berathen. Nachmittags empfing der
820 5517 2135 5589 Kaiſer den päpſtlichen Nuntius Mſgr. Chigi und reiste
817 5576 2136 5646 dann nach Fontainebleau zurück, von wo derſelbe ſich morgen
3648 4212 4886 4274 ✽ Newyork, 8. Juli. Die demokratiſche Con⸗
3559 4271 4882 4330 vention ſtellte (wie bereits per Kabel gemeldet), Horatio
3559 4331 4885 4393 Seymour als ihren Präſidentſchaftscandidaten auf und
3560 4388 4890 4449 nahm einſtimmig ein Programm an, zu Gunſten einer
3560 4447 4889 4508 ſofortigen Einverleibung der Südſtaaten in die Union, allge⸗
3562 4505 4894 4564 meinen Amneſtie für alle politiſchen Verbrecher, gleichmäßigen
3563 4564 4894 4625 Beſteuerung mit Einſchluß der Couponſteuer, gleichmäßigen
3563 4624 4893 4685 Währung, baldigen Zahlung aller Staatsſchulden in Papier⸗
3564 4681 4895 4743 währung, diejenigen ausgenommen, bei denen Goldzahlung
3566 4742 4892 4807 ausdrücklich ſtipulirt iſt, politiſchen Reform, Beſchränkung
3566 4800 4896 4858 der nationalen Ausgaben, Abſchaffung des Militärregi⸗
3567 4860 4894 4918 mentes, Fortſetzung der Stimmrechtsfrage durch die einzelnen
3568 4917 4895 4977 Staaten für ſich, und gleichmäßigen Schutzes naturaliſirter
3569 4975 4900 5036 und eingeborner Bürger im Auslande. — In einem Briefe
3571 5037 4897 5094 an mehre hervorragende Demokraten hatte Johnſon (vor der
3572 5094 4899 5152 Verſammlung der demokratiſchen Nationalconvention) hervor⸗
3575 5152 4900 5211 gehoben, daß er eine Ernennung zur Präſidentſchaftscandidatur
3576 5210 4902 5269 nur im Falle einer unzweideutigen Billigung ſeiner Verthei⸗
3578 5269 4903 5328 digung der Conſtitution gegen radikale Angriffe annehmen
3580 5328 4903 5383 werde. — Mr. Stevens brachte geſtern im Repräſen⸗
3579 5386 4903 5442 tantenhauſe fünf weitere Anklageartikel gegen Präſidenten
3581 5445 4904 5500 Johnſon ein, in welcher dieſer des Misbrauchs der ihm
3581 5504 4905 5561 zuſtehenden Patronatsrechte, beſchuldigt wird, indem er loyale
3581 5561 4906 5615 Beamte entfernt und durch andere in ſeinem eigenen politi⸗
3584 5621 4906 5675 ſchen Intereſſe erſetzt habe. Er habe, ſo heißt es ferner, ohne
3587 5671 4909 5733 Ermächtigung vom Congreß, im Süden Provinzialregierungen
3586 5737 4910 5790 errichtet, das Begnadigungsrecht misbraucht und gegen die
3587 5794 4911 5848 Beſtimmungen des Geſetzes Rebellen ihr verfallenes Eigen⸗
3590 5851 4911 5907 thum zurückerſtattet. — Die Erörterung dieſer Artikel wurde
3591 5909 4911 5964 auf den 20. Juli feſtgeſetzt. — In Nord⸗Carolina iſt
3591 5967 4466 6022 die Militärregierung aufgehoben worden.
4928 2829 5937 2882 den hannoverſchen Miniſter Grafen Platen iſt
4937 3158 5947 3210 Staatsrath Dr. Zachariä in Göttingen (natürlich!!)
4940 3299 5957 3345 preußiſcher Unterthan betrachtet und im Sinne
4942 3487 5677 3534 ſchen Strafrechtszeitung“ abgedruckt.
4931 2877 5930 2924 daß Graf Platen gegen den, die rechtliche Voraus
4933 2924 5940 2971 wider ihn eingeleiteten Hochverrathsprozeſſes bildenden
4933 2971 5914 3020 er preußiſcher Unterthan ſei, Einſpruch erhoben, der
4935 3017 5897 3065 aber dieſen Proteſt ohne weiteres einfach zu den
4935 3064 5939 3114 habe. Die bei dieſer Gelegenheit vom Grafen Platen
4935 3112 5932 3163 ten Gutachten rühren nach der „Heſſ. Volks⸗Ztg.“,
4938 3205 5907 3255 k. k. Regierungsrath Dr. Neumann in Wien her,
4941 3344 5940 3394 tens behandelt werden könne, und ſind in dem letzter
4941 3392 5941 3439 Heft der bei A. Barth in Leipzig erſcheinenden, von
4942 3440 5948 3487 v. Holtzendorff in Berlin herausgegebenen „Allgemein
5001 2780 5808 2833 — Bei Gelegenheit des Hochverrath
4940 3251 5882 3299 zu dem Ausſpruche gelangten, daß Graf Platen
3967 4138 4483 4192 Amerika.
821 5704 2137 5777 Ihr Kunſturtheil, natürlich zuletzt die entſcheidende Stimme,
822 5761 2134 5833 richtet ſich nach dem mehr oder weniger freundlichen Blick
824 5819 2141 5886 und der mehr oder weniger tiefen Verbeugung, mit welchen
825 5877 2140 5941 die declamirende Schauſpielerin ihre Protection anfleht; auch
828 5934 2134 6004 muß dieſe Dame ſelbſtverſtändlich nicht zum „alten Regiſter“
831 5992 2139 6063 gehören. Im hintern Theile des Saales ſitzt das nicht zu
830 6051 2145 6118 den „Honoratioren“ gehörige bloße „Publikum“, bunt ge⸗
831 6107 2145 6175 miſcht; zur Ausfüllung gehören die mit Freibillets beſchenk⸗
831 6165 2146 6232 ten Angehörigen der oft nur in dieſer Weiſe für ihre Be⸗
834 6216 2145 6291 mühungen belohnten Gehülfen der Künſtler, das heißt
834 6280 2150 6347 des Lohndieners, welcher die Honoratioren zuſammengebeten,
835 6338 2151 6402 des Stadtmuſikus, der ſeine Empfehlung auf die Sub⸗
834 6395 2151 6468 ſcriptionsliſte geſetzt, des Tiſchlers, welcher aus Tonnen und
836 6452 2154 6517 Brettern eine künſtliche „Eſtrade“ geſchaffen, des Tapezirers,
838 6510 2149 6583 der dieſe Eſtrade mit rothem Callicot „verkleidet“, des Bier⸗
839 6568 2157 6640 brauers, welcher die leeren Tonnen geliehen, des Organiſten,
840 6626 2160 6701 der ſein altes Clavier zum Begleiten hergegeben, des Bälge⸗
839 6684 2162 6754 treters und des Glockenziehers, welche das Clavier unter
841 6742 2161 6825 ſpecieller Leitung des Eigenthümers nach dem Concertſaale
843 6800 2099 6883 hingetragen u. ſ. w. (Fortſ. f.)
5013 3556 5965 3605 ✽ (Neue Medaille Georg V.) Vor kurzer Zeit
4950 3929 5969 3978 herbeizuführen. — Da uns dieſe Notiz ſehr unwahrſcheilich
4949 4154 5988 4213 der „Preſſe“ — eine einfache Erinnerungsmedaille
4950 4203 5980 4257 die ſilberne Hochzeit des entthronten Königspaares.
4963 4633 5343 4683 folgender Zuſchrift:
4945 3602 5931 3649 die Wiener „Preſſe“ die Notiz, König Georg habe
4947 3650 5848 3697 Medaille zur Erinnerung an die Schlacht von
4948 3696 5931 3745 gen laſſen, und den Willen gehabt, dieſelbe hieher an
4947 3743 5949 3791 treuen zu ſenden. Der öſterreichiſche Reichskanzler, der
4946 3791 5883 3837 ſem Vorhaben Kenntniß erhalten, habe dasſelbe
4946 3836 5888 3885 einen für Georg V. nicht mehr zeitgemäßen Act der
4946 3883 5926 3931 verhindert, um nicht neuerdings einen Conflict mit
4944 3976 5924 4025 kam, ſo nahmen wir weiter keine Notiz davon. Geſtern
4949 4021 5940 4072 bringt die „D. Volksztg.“ die Nachricht, Georg V. habe
4946 4070 5906 4119 That eine Medaille geſtiſtet. Nur iſt dieſe — was
4949 4113 5925 4164 etwas anders ausſieht als die von uns angezweifelte
4950 4252 5947 4305 ſoll in großer Zahl hier angekommen ſein, und trägt,
4954 4298 5915 4352 „D. Volksztg.“ meldet, Avers die Bruſtbilder des
4956 4342 5960 4399 der Königin mit den Umſchriften: „Georg V. v. G. G.
4956 4392 5924 4444 von Hannover. Marie v. G. G. Königin von
4959 4436 5922 4493 Revers iſt zu leſen: „Zur Erinnerung an die Feier
4957 4481 5935 4539 bernen Hochzeit. Hietzing, 18. Februar 1868.“ Das
4964 4576 5918 4633 Namenszüge des Jubelpaares. Begleitet iſt dies
4964 4530 5903 4585 welchem die Medaille überſandt wird, trägt die
2271 5692 3522 5741 Die öſtlichſte dieſer Inſeln, Spiekeroog, zählt ca. 200
2204 5740 3523 5788 Einwohner. Der Flächeninhalt beträgt mit dem Strande 0,5
2203 5785 3521 5833 O.⸗M. Die Fremdenzahl betrug im Jahre 1865 640 und iſt
2204 5830 3524 5884 alljährlich im Zunehmen begriffen. Einzelne Bäume erreichen
2204 5878 3520 5927 die Höhe der Häuſer. Die weſtlich folgende Inſel Langeroog,
2202 5924 3524 5973 noch etwas kleiner, wurde 1865 von 200 Badegäſten beſucht.
2206 5971 3526 6018 Das Badeleben auf dem zunächſt gelegenen Baltrum iſt erſt
2207 6023 2476 6065 im Entſtehen.
2277 6062 3522 6110 Norderney iſt das älteſte, ſchon 1801 gegründete Nordſee⸗
2207 6109 3526 6155 bad. Seit vielen Jahrzehnten fleißig beſucht, mit allen nur
2209 6156 3529 6203 wünſchenswerthen Einrichtungen glänzend ausgeſtattet, nimmt
2210 6202 3526 6251 dieſes Seebad unter den deutſchen Seebädern den erſten Rang
2210 6247 3526 6296 ein. Im Jahre 1825 wurde Norderney von 525 Kurgäſten be⸗
2213 6294 3532 6342 ſucht, die Zahl derſelben belief ſich 1858 auf 2560, 1867 auf
2214 6341 3532 6389 mehr als 3000. (Bis vorgeſtern waren 1200 Gäſte eingetroffen.
2216 6388 3532 6433 D. Red.) Hier haben zahlreiche Gelehrte im Dienſte der Na⸗
2216 6434 3534 6482 turwiſſenſchaften gearbeitet und durch fruchtbringende Reſultate
2217 6480 3533 6528 zu weiteren Forſchungen angeregt. Temperaturmeſſungen der
2217 6527 3535 6575 Luft haben ergeben, daß der Ort eine mittlere Jahrestemperatur
2220 6574 3536 6619 von 8 Grad R. hat, während im Sommer eine durchſchnittliche
2224 6619 3535 6665 Wärme von 16, im Winter von 2 Grad R. herrſcht, ſo daß
2219 6667 3534 6714 Norderney ſich demnach eines für ſeine Lage in 53° 42‘ nördl.
2221 6712 3533 6758 Breite ausnahmsweiſe milden Klimas erfreut. Eine im Jahre
2222 6760 3536 6819 1858 von Wiedaſch erſchienene Monographie über Norderney
2223 6807 2821 6851 darf nicht unerwähnt bleiben.
4963 4958 5471 5007 darbrachte, zu überreichen.
4962 4760 5955 4820 Allerhöchſt Ihrer ſilbernen Hochzeit am 18. Februar
4963 4806 5953 4871 folgende ſilberne Medaille, ſowie die photographiſchen
4963 4850 5959 4912 des Kurſalons zu Wien, in welchem die Feier ſtattfand
4962 4906 5849 4960 der Geſchenke, welche die Liebe des Volkes
5033 4668 5927 4726 Seine Majeſtät der König und Ihre Majeſtät die
4962 4718 5908 4773 haben mich beauftragt, Ihnen zur Erinnerung
3675 6024 4908 6081 In Mexiko hatte Rivera den Widerſtand gegen Juarez
3591 6084 4227 6140 aufgegeben und war geflohen.
1151 6934 1852 6999 ✽ Ueber die Nordſeebäder
5039 5003 5601 5056 Hietzing, den 25. Juni 1868.
842 7000 2153 7087 bringt die neueſte „beſondere Beilage zum „Staats⸗Anz.“
845 7060 2160 7141 einen längeren Artikel, aus dem wir, über die vormals
846 7120 2163 7204 hannoverſchen Bäder Folgendes entnehmen, was bei der
847 7178 2169 7255 nun im vollen Gange befindlichen Badeſaiſon gern geleſen
848 7264 1160 7315 werden dürfte:
3679 6152 4913 6208 ✽ Berichte aus dem braſilianiſchen Lager laſſen
3591 6210 4912 6266 den Fall Humaitas als von Tage zu Tage bevorſtehend er⸗
3592 6268 4918 6326 ſcheinen. (?) General Hirval, welcher eine Recognoſcirung
3595 6326 4917 6384 ausführte, brachte die Meldung, daß Lopez nur noch
3599 6386 4192 6437 6000 Mann um ſich habe.
5033 5131 5962 5193 Von den Photographien, deren in dem Schreiben
4972 5288 5515 5337 Geſchenke aufgeſtellt waren.
4964 5183 5946 5243 wird, ſtellt die eine die Wand des Kurſalons dar, an
4967 5226 5918 5288 Silberkammer, die andere jene Seite, an der die
2293 6851 3538 6899 Juiſt und Borkum liegen der Küſte etwas ferner als die
2224 6898 3538 6945 übrigen oſtfrieſiſchen Inſeln und ſind nicht mehr wie jene vom
2225 6944 3539 6992 Feſtlande aus zur Ebbezeit mittelſt Wagen zu erreichen. Früher
2227 6991 3535 7036 vereinigt, wurden dieſe beiden Inſeln erſt im 13. Jahrhundert
2229 7037 3544 7083 durch eine Sturmfluth gebildet. Die gewöhnliche Fluthhöhe an
2229 7082 3539 7129 dieſen Inſeln beträgt 5—12 Fuß; bei länger andauernden und
2228 7128 3541 7179 heftigen Weſtwinden wird das Meerwaſſer jedoch an den Küſten
2231 7174 3543 7226 zu weit größerer Höhe angeſtaut, und es entſteht die Sturmfluth,
2233 7221 3547 7268 von deren Verwüſtungen die Geſchichte der Nordſeeküſten viel zu
2234 7267 3546 7319 erzählen hat. Juiſt, die bei weitem kleinere dieſer beiden In⸗
2234 7312 3544 7368 ſeln, wird noch nicht ſtark beſucht, gewährt aber auch deshalb
2236 7359 3283 7408 einen ſtilleren und weniger koſtſpieligen Aufenthalt.
5036 5343 5971 5408 ✝✝ (Die königliche Superintendentur
4967 5384 5954 5447 nover und die Stadtgemeinden.) Die
4972 5704 5974 5781 eine Unterſtellung unſeres geiſtlichen Stadtminiſteriu
4977 6064 5977 6156 gemeinde gewähren, wenn nicht die neue Gemeinde
4980 6122 5977 6204 ſtädtiſchen gleich geſtellt würde. Ob die Bezirksſynode
4995 7214 5845 7279 ſonderlich mit in Rechnung gezogen werden.
4970 5428 5954 5502 „Tageblatt“ in dieſe Zeitung übergegangenen Zweifel
4968 5483 5949 5548 nennung des Dr. Uhlhorn zum Superintendenten
4969 5535 5840 5595 Hannover ſind leider nicht begründet; dieſe
4968 5585 5816 5643 folgt und der General⸗Superintendent des
4975 5627 5941 5689 berg, Dr. Niemann, bereits angewieſen, den neuen
4975 5663 5942 5734 denten im Auguſt zu inſtalliren. Selbſtverſtändlich
4971 5776 5767 5829 jenen nicht zu denken; die Stellung des
4976 5809 5925 5874 eine feſte, verfaſſungsmäßige Grundlage, die ohne
4972 5859 5898 5922 der Betheiligten nicht abgeändert werden kann,
4993 5892 5963 5968 ſchwerlich jemals erfolgen wird. Im Gegentheil wünſcht
4973 5943 5930 6012 bekanntermaßen die Hereinziehung der Gartenkirche
4982 6217 5948 6297 Gemeinde gehört werden wird, wollen wir dahin
4982 6274 5891 6352 laſſen; uns iſt unzweifelhaft, daß durch die
4987 6356 5939 6438 der Gefängnißprediger tritt, der eigentlich auch
4988 6396 5945 6484 miniſterium gehören müßte, bei der doch hoffentlich
4986 6453 5939 6530 folgenden Einberufung unſerer Bezirksſynode das
4987 6506 5916 6576 der königl. Geiſtlichen über die Stadtgeiſtlichen
4988 6592 5935 6670 die Hauptſache bei der ganzen Aenderung geweſen
4989 6651 5880 6717 Daß deshalb auch die exemte Schloßgemeinde
4991 6691 5924 6762 bildet werden wird, und zwar nach dem einzigen
4989 6733 5920 6811 evangeliſchen Kirche zu Königsberg, haben wir
4992 6775 5942 6858 angeführt; wir können die Geneigtheit des Miniſters
4990 6841 5882 6905 die Bildung einer ähnlichen Gemeinde hier zu
4992 6873 5921 6950 wiederholt verſichern, bedauern aber um ſo mehr,
4993 6913 5953 6997 Miniſter im Weſentlichen nur Männer der extrem
4993 6950 5962 7046 Richtung gehört hat und deren Anſichten bereitwillig
4992 7000 5933 7093 geben geneigt ſcheint, während die Gemeinden auf
4994 7053 5948 7138 Boden ſtehen. Leider ſind letztere in den kirchlichen
4993 7097 5954 7184 ſcheinend völlig indifferent; ſie werden es ſich daher
4993 7142 5960 7232 ſchreiben haben, wenn ſie bei allen Veränderungen
4977 5998 5900 6060 Verband des ſtädtiſchen geiſtlichen Miniſteriums und
4976 6037 5936 6108 viel an ihm liegt, ſchwerlich die Errichtung der
4980 6183 5926 6250 über die erfolgte Abnahme der Chriſtus⸗, Garten⸗
4984 6320 5941 6390 Superintendentur mit ihren 8 Predigern, zu denen
4986 6564 5878 6625 und die Leitung der Synode letzteren entzogen
918 7293 2168 7364 Die zehn Meilen lange Inſelreihe, welche ſich an der oſtfrie⸗
848 7341 2169 7409 ſiſchen Küſte, von dieſer 1 ₂ bis 3 Meilen entfernt, hinzieht, be⸗
851 7391 2168 7455 ſteht aus 6 Inſeln, die bereits ſämmtlich mit Badevorrichtungen
854 7438 2170 7496 verſehen ſind. Reſte einer einſtigen Dünenreihe, die (nach dem
856 7483 2173 7542 Durchbruch des engliſchen Kanals) von der verſtärkten Meeres⸗
862 7532 2175 7588 fluth vielfach zerbrochen wurde, bieten dieſe kleinen öden Eilande
864 7578 2175 7633 noch heute in Beſchaffenheit und Lage große Aehnlichkeit unter⸗
867 7619 2176 7674 einander dar. Im Schutze der am nördlichen Ufer aufgerichteten
868 7662 2177 7722 Dünen, die, zum Theil unbewachſen, ſich faſt alljährlich zu neuen
869 7707 2181 7766 Formen geſtalten, iſt das ſüdliche, gegen das Watt geneigte
866 7751 2183 7816 Ufer der Träger eines mannigfachen Pflanzenwachsthums. Hier
870 7795 2183 7855 findet ſich wohlbeſtelltes Garten⸗ und Wieſenland. Sehr gering
871 7840 2183 7900 iſt der Getreidebau, doch gedeiht die Kartoffel vorzüglich. Die
871 7884 2185 7939 bewachſenen Höhen ſind der Aufenthalt zahlreicher wilder Kanin⸗
874 7929 2103 7992 chen und große Maſſen von Seevögeln beleben den Strand.
3667 6652 4916 6704 ✽ Daß die Sitzungen des k. Schwurgerichtshofes für das
3599 6699 4920 6749 III. Quartal d. J. nach Beſtimmung des Präſidenten des
3599 6744 4923 6797 Appellationsgerichts zu Celle am 21. September d. J. ihren An⸗
3600 6794 4525 6841 fang nehmen werden, wird bekannt gemacht.
5765 5036 5976 5086 Graf Wedel,
5725 5088 5975 5136 Schloßhauptmann
3947 6528 4562 6584 Hannover, den 20. Juli.
4007 6596 4509 6643 Amtliche Nachrichten.
3670 6850 4927 6902 ✽ Nach erfolgter Allodification des von der Landesherrſchaft
3601 6897 4928 6947 lehnrechtlich relevirenden v. Alten’ſchen landtagsfähigen Ritter⸗
3603 6941 4929 6993 guts zu Ricklingen wird das in dem §. 5 des Geſetzes vom
3604 6990 4926 7038 19. Juli 1848 über die Ablösbarkeit des Lehsberbandes ꝛc. be⸗
3605 7035 4929 7089 gründete Verbot, die zu dieſem Gute gehörigen Beſtandtheile zu
3603 7082 4929 7134 vereinzeln und die an die Uebertretung des Verbots geknüpfte
3604 7127 4928 7183 Nichtigkeit der Vereinzelung, zur öffentlichen Kenntniß gebracht.
2309 7405 3545 7453 Borkum, die größte der oſtfrieſiſchen Inſeln mit 512 Ein⸗
2236 7450 3542 7505 wohnern, deren das kleinere Norderney 1333 zählt, iſt erſt im
2237 7497 3549 7566 Jahre 1856, ſeit Anlage der hannoverſchen Weſtbahn, zum Bade
2238 7542 3547 7603 eingerichtet. Der Fremdenverkehr, 1865 ſchon 1000 Badegäſte,
2240 7589 3548 7648 iſt in ſtarker Zunahme. Borkum, etwa 3000 Schritt lang und
2241 7635 3546 7693 1000 Schritt breit, hat ſchöne Weide, daher viele Kühe und
2243 7697 2379 7743 Schafe.
3676 7185 4932 7238 ✽ (Milit. Perſonalien.) Schrumpf, Pr.⸗Lt. vom
3605 7232 4931 7288 Hannov. Huſ.⸗Regt. Nr. 15, zur Dienſtl. als Inſpect.⸗Off. und
3605 7279 4677 7330 Lehrer bei der Kriegsſchule zu Engers, commandirt.
2307 7726 3550 7788 Hier, wie auf den anderen Nordſee⸗Inſeln, beginnt die
2241 7774 3551 7834 Saiſon ſchon in der Mitte des Sommers. Zu dieſer Zeit iſt
2240 7820 3546 7879 die See am ruhigſtrn. Mit dem Auguſt nehmen die Winde an
2242 7881 2537 7928 Mächtigkeit zu.
3677 7336 4934 7395 ✽ (Perſonalien.) Dem Reg.⸗R. v. Borries in Hil⸗
3607 7383 4935 7441 desheim iſt der Charakter als Geheimer Regierungs⸗Rath ver⸗
3606 7434 3728 7478 liehen.
3678 7554 4936 7618 ✽ (Eine neue welfiſch⸗franzöſiſche Kundgebung.
3608 7599 4935 7659 In der Weiß’ſchen Univerſitäts⸗Buchdruckerei zu München, in der
3607 7646 4934 7711 neuerdings die welfiſchen Broſchüren gedruckt zu werden pflegen,
3610 7692 4939 7756 iſt ſo eben eine, allen Anzeichen nach von Herrn Onno Klopp
3609 7738 4939 7802 verfaßte Flugſchrift erſchienen, welche auf dem Titel die Frage:
3612 7786 4937 7845 „Wer iſt der wahre Erbfeind von Deutſchland?“
3611 7831 4940 7890 aufſtellt und dieſelbe beantwortet: „Preußen iſt der wahre Erb⸗
3610 7878 4942 7939 feind von Deutſchland.“ Daß der Verfaſſer der von dieſem
3614 7925 4939 7990 Satze ausgehenden Schrift Frankreich nicht als den Erbfeind,
5067 7247 5941 7335 ✽ Der Kalenberg’ſchen Landſchaft ſind für das
4997 7303 5896 7384 zu Moringen im Jahre 1747 von Georg II.
4997 7327 5974 7428 zum Druck, Verlag und Debit von Kalend
4999 7381 5970 7476 Kirchengeſangbüchern in den Fürſtenthümern
4997 7453 5859 7523 und Göttingen, ſowie von Katechismen im
4997 7480 5920 7570 liehen. Unter dieſen Privilegien hat namentlich
5001 7537 5918 7617 Privilegium vielfache Ein⸗ und Angriffe erfahren.
4998 7569 5958 7662 für Handel und Gewerbe, dem wir dieſe Mittheilung
5001 7621 5909 7710 iſt nicht zweifelhaft darüber, daß die auf dieſe
5001 7665 5925 7757 gründenden ausſchließlichen Gewerberechte ebenſo,
5002 7729 5876 7800 mit verbundene Zwangs⸗ und Bannrechte der
5001 7762 5915 7849 das Geſetz vom 17. März d. J. aufgehoben ſind.
5002 7811 5908 7895 luſt der aufgehobenen Berechtigungen wird der
5007 7850 5912 7942 Entſchädigung nicht zu verſagen ſein, wenn die
5004 7915 5836 7990 zur Zeit der Verkündung des Geſetzes in
