5913 8116
134 196 5548 684 Zeitung für Norddeutſchland.
199 705 1177 781 Dieſe Zeitung erſcheint täglich, Mittags, außer
607 771 784 812 Sonntag.
190 801 1165 865 Abonnem.⸗Preis vierteljährl. praen. 1 Thlr. 21 Gr,
222 848 1152 917 vom 1. April an 1 Thlr. excl. Poſtaufſchlag.
195 897 1166 966 Inſertions⸗Gebühr die geſpaltene Petit⸗Zeile oder
201 986 1163 1063 Für die Stadt 1 Thlr. 25 Gr., vom 1. April an
475 954 873 1000 deren Raum 1¼ G.
413 1045 962 1105 1 Thrl. incl. Bringerlohn.
1959 724 3722 922 Hannoverſche Tagespoſt.
2231 1018 3439 1074 Haupt⸗Expedition, Redaction und Buchdruckerei, Georgſtraße 3.
4591 643 5465 694 Agenturen zur Annahme von Anzeigen ꝛc.:
4839 691 5158 735 General⸗Agentur
4420 735 5568 787 Hamburg u. Frankfurt a. M.: Haasenstein & Vogler
4420 787 5208 847 Berlin: A. Retemeyer, Kurſtraße 50.
4421 839 4900 878 Bremen: E. Schlotte.
4418 885 5184 934 Harburg: Elkan’ſche Buchhandlung.
4421 927 5446 983 Kaſſel: G. Württenberger, Buch⸗ u. Kunſthandl.
4430 977 5234 1022 Leipzig: H. Engler’s Annoncenbureau.
4434 1024 5460 1071 Paris: Havas, Laffite & Co. Place de la Bourse 8.
203 1149 724 1286 Nr. 5532
2073 1139 3584 1236 Hannover. Mittwoch den 27. Februar
5195 1127 5486 1258 1867.
132 1435 389 1549 ☛
473 1377 1420 1464 Mit Rückſicht auf die Parlaments⸗
391 1467 1420 1558 ſitzungen eröffnen wir ein Abonnement
127 1548 1418 1648 für den Monat März zum Preiſe von 17 Gr.
127 1814 399 1885 an liefern.
125 1630 1419 1726 excl. Poſtaufſchlag und werden den neuen Abon⸗
125 1710 1422 1797 nenten die Zeitung ſchon vom 24. Februar
216 2299 1422 2359 London, (Montag) 25. Febr. Das Unterhaus war
133 2354 1425 2421 geſtern Abend übervoll. Disraeli zog die Reſolution Be⸗
131 2769 707 2821 mehrer Sitze vorgeſchlagen.
131 2411 1425 2478 treffs der Stimmenpluralität zurück und proponirte eine
132 2470 1425 2533 neue, welche Wahlberechtigungen vorſchlägt, die auf einen
131 2527 1425 2592 gewiſſen Bildungsgrad oder auf den Nachweis von 30 Pfd.
130 2586 1429 2647 St. Guthaben in einer Sparkaſſe oder 50 Pfd. St. in
130 2643 1428 2704 Staatspapieren oder endlich 20 Sh. directer jährlicher Be⸗
131 2701 1429 2765 ſteuerung baſirt ſeien. Ferner wird eine Neuvertheilung
214 2815 1433 2876 London, (Montag) 25. Febr. Disraeli proponirt
132 2872 1430 2935 6 Pfd. St. Steuerſatz für die Burgflecken, 20 Pfd. St. für
132 2933 1434 2994 die Grafſchaften. Bright, Lowe, Roebuck und Gladſtone
135 2988 1436 3051 opponiren. Die Regierung fällt zuverſichtlich, wenn ſie die⸗
137 3055 643 3111 ſen Reformplan feſthält.
224 3103 1440 3162 * London, (Dienstag) 26. Febr. Nach dem Urtheile
136 3161 1439 3223 der meiſten Journale hat ſich die Stellung des Torymini⸗
140 3222 1440 3281 ſteriums durch die in der geſtrigen Unterhausſitzung vorge⸗
139 3278 1439 3338 legten Aenderungen zu den Reformreſolutionen nicht befeſtigt,
137 3335 1440 3394 wird vielmehr, wofern nicht weitere Aenderungen hinzutreten,
139 3402 643 3452 für unhaltbar befunden.
223 3448 1433 3521 * Petersburg, (Dienstag) 26. Febr. Der „Ruſſiſche
146 3972 576 4023 liehen werden müſſe.
135 3504 1438 3564 Invalide“ führt in einem längern Leitartikel unter Verwei⸗
137 3560 1433 3624 ſung auf geſchichtliche Thatſachen aus, daß es der türkiſchen
137 3619 1429 3681 Regierung, wenn ſie den Principien des Koran getreu blei⸗
138 3675 1435 3737 ben wolle, unmöglich ſei, erhebliche Reformen zur Erleichte⸗
138 3732 1436 3797 rung des Schickſals ihrer chriſtlichen Unterthanen durchzufüh⸗
140 3793 1432 3855 ren; das einzig ausführbare Mittel ſei in dieſer Beziehung,
143 3850 1432 3908 eine möglichſte Trennung von Mahomedanern und Chriſten,
144 3907 1435 3969 welchen letzteren gleichzeitig eine politiſche Selbſtändigkeit ver⸗
230 4022 1432 4084 * Korfu, (Sonntag) 24. Febr. Am 13. und 14.
141 4080 1437 4138 d. haben im Weſten der Inſel Candia Gefechte ſtattgefunden.
146 4140 1433 4193 8000 Türken, welche aus Heraklion ausmarſchirt waren,
147 4197 1435 4245 wurden bei Gerakari mit einem Verluſt von 2 Kanonen und
148 4250 1436 4309 5 Standarten zurückgeſchlagen. Aus Canea nachgeſchickte
142 4308 1438 4368 Verſtärkungen waren nicht im Stande, die Provinz Selino
141 4366 1440 4428 wiederzunehmen. Auf einem andern Theile der Inſel ſchlu⸗
144 4420 1442 4486 gen am 11. und. 12. d. 2500 Inſurgenten ein türkiſches
143 4479 1443 4544 Corps. Die Kämpfenden halten ſeitdem beiderſeits ihre Po⸗
141 4537 1442 4605 ſitionen inne. Es wird von neuen Greuelthaten berichtet,
143 4592 1445 4658 welche die Türken gegen chriſtliche Einwohner verübt haben
144 4648 1446 4719 ſollen. Die candiotiſche Nationalverſammlung verharrt in
143 4705 1446 4774 der Forderung, daß die Inſel dem Königreiche Griechenland
145 4782 504 4824 einverleibt werde.
234 4819 1446 4887 * Newyork, (Sonnabend) 16. Febr. (Per City
147 4881 1448 4949 of Baltimore.) Bazaine entzog den in der Armee des
147 4935 1451 5003 Kaiſers Max dienenden Franzoſen Frankreichs Schutz, worauf
150 4995 1447 5059 viele Franzoſen ausſchieden. Die Einnahme von Zacatecas
149 5049 1450 5114 durch Miramon und die Flucht von Juarez ſoll ſich beſtä⸗
148 5109 1450 5176 tigen. (?) Alvarez ſteht augenblicklich nahe bei der Haupt⸗
146 5172 854 5237 ſtadt. Kaiſer Max iſt reiſebereit.
235 5226 1448 5289 Newyork, (Montag) 25. Febr. Surrat iſt wegen
147 5282 1448 5349 Mithülfe bei der Ermordung Lincoln’s vor Gericht geſtellt
149 5455 1394 5518 dieſelbe eingeſetzt, was der Bill ein Ende macht. (K. Z.)
148 5340 1450 5397 worden. Das Haus weigerte ſich, über die Tarifbill abzu⸗
148 5395 1450 5462 ſtimmen, und es wurde ein Ausſchuß zur Berathung über
239 5616 1455 5681 §§ Berlin, 26. Feb. Heute Vormittag wurden die
156 5677 1455 5735 Mitglieder des Reichstags plötzlich zu einer Plenar⸗
459 5547 1176 5609 Deutſchland.
183 5823 1431 5885 Die türkiſche Civiliſation und die orienta⸗
680 5977 928 6022 (Fortſetzung.)
627 5897 982 5953 liſche Frage.
240 6044 1458 6100 Wer aber am meiſten zum Fehlſchlagen aller Verbeſſe⸗
170 7826 1468 7881 Lehrer beſtimmt; Kemal Efendi, ehemaliger Geſandter in
155 6104 1458 6161 rungspläne beigetragen hat, das iſt der Hof und der an
154 6161 1455 6219 deſſen Spitze ſtehende Regent. Wir Europäer ſagen: a ca-
155 6215 1457 6280 pite foetet piscis, der Orientale drückt ſich hierauf bezüg⸗
160 6276 1461 6333 lich noch beſſer aus, wenn er ſagt: das Volk bekennt die
159 6332 1462 6391 Religion ſeines Herrſchers, d. h. es ahmt ihm in Thaten
163 6390 1461 6443 und Gedanken nach, was auch nicht im geringſten zu be⸗
165 6448 1462 6503 zweifeln iſt, denn was einzelne orientaliſche Nationen bis
167 6498 1462 6560 heute Großes gethan haben, iſt einzig und allein dem leiten⸗
166 6562 1463 6616 den Oberhaupte zuzuſprechen. Abdul Medſchid, den euro⸗
165 6620 1461 6672 päiſche Reiſende als ganz durchdrungen von Civiliſations⸗
165 6676 1459 6728 ideen darſtellten, in deſſen Regierung man die Morgenröthe
165 6736 1459 6783 einer ſchöneren Zukunft erblicken wollte, iſt keinesfalls einer
163 6792 1464 6845 Nachläſſigkeit anzuklagen. Was ſeine Perſon betrifft, kön⸗
163 6849 1463 6899 nen wir aus perſönlicher Ueberzeugung behaupten, daß er
161 6906 1463 6964 ſowol in ſeinen äußeren Manieren, als in ſeiner Denkungs⸗
162 6964 1460 7025 weiſe der abendländiſchen Civiliſation ebenſoſehr geneigt war,
165 7020 1464 7070 als er alles Rauhe und Alttürkiſche aus der Tiefe ſeiner
164 7077 1466 7130 Seele haßte. Er liebte abendländiſche Literatur, abendländi⸗
164 7134 1464 7191 ſche Muſik, war immer mit äußerſter Sorgfalt gekleidet, haßte
167 7189 1462 7249 alle grellen Farben und den unäſthetiſchen Geſchmack ſeines
165 7248 1465 7301 Volkes. Seine Sanftmuth, die beinahe in Feigheit aus⸗
166 7305 1461 7359 artete, machte ihm das rauhe, kriegeriſche Weſen der Alttür⸗
165 7363 1464 7419 ken verhaßt. Doch was nützten alle dieſe Vorzüge, wenn
168 7420 1466 7476 er nicht genug Geiſtesſtärke beſaß, die reformatoriſchen Ideen,
167 7477 1464 7533 von deren Zweckmäßigkeit er vollkommen überzeugt war, in
167 7536 1466 7595 ſeiner eigenen Behauſung, geſchweige denn bei ſeinem Volke
165 7594 1467 7648 durchführen zu können! Um mit gutem Beiſpiele voran⸗
165 7652 1468 7709 zugehen, nahm er ſelbſt täglich Unterricht im Franzöſiſchen,
166 7709 1467 7765 in Geographie und Geſchichte; ſowol ſeinem Sohne Murad
170 7769 1466 7822 Efendi, als dem damaligen Thronfolger Abdul Aziz wurden
1518 5812 2827 5862 Berlin, ein wohlgebildeter Türke, wurde zum Leiter der Stu⸗
1519 5868 2827 5922 dien der jüngeren kaiſerlichen Prinzen ernannt; europäiſche
1519 5926 2827 5977 Virtuoſen und Künſtler wurden empfangen und reichlich be⸗
1519 5983 2827 6035 lohnt, ja man baute ſogar ein kaiſerliches Theater, ein
1520 6039 2828 6090 Prachtſtück ſeiner Art, und nichts wurde unterlaſſen, um
1521 6097 2826 6148 das mächtige Loſungswort à la franca überall einzuführen.
1609 6153 2825 6205 Doch was konnten alle dieſe Anſtrengungen nützen, gegen⸗
1523 6213 2827 6261 über dem aus einigen 100 Häuptern beſtehenden kaiſerlichen
1523 6268 2826 6319 Harem? was der Geiſt des Sultans und ſeiner Rathgeber
1525 6327 2828 6379 gegenüber den launigen Köpfen ſo vieler ſchönen Tſcher⸗
1520 6382 2818 6434 kaſſinnen, gegenüber der Erzdummheit ſo vieler alter
1524 6442 2828 6490 Eunuchen beider Farbe, gegenüber dem unendlichen Troß
1523 6499 2829 6549 von Sklaven und Sklavinnen, von Baltadſchis, Tſchibukd⸗
1524 6553 2825 6607 ſchis, Mollahs, gegenüber den Intriguen der an der Serail⸗
1525 6614 2830 6665 ſpitze wohnenden penſionirten Kadinen und Gehülfen, die
1525 6671 2829 6722 alle das alte verderbliche Syſtem als das für ihre Zwecke
1523 6728 2828 6779 meiſt erſprießliche achteten und liebten? Daß der Sultan,
1528 7701 2779 7756 des Pompes ſtehenden rohen Haufen anders ſein können?
1524 6786 2827 6836 der formelle Gebieter und Herr, in dieſem ſchrecklichen Chaos
1525 6844 2829 6894 oft die Rolle eines Untergebenen ſpielen mußte, iſt aus der
1526 6900 2833 6952 Geſchichte der letzten Decennien genug bekannt, und ſeine
1524 6958 2833 7008 Befehle und gut gemeinten Beiſpiele drangen ſelbſt in ſeiner
1528 7016 2832 7067 nächſten Umgebung nicht durch. Denn wie man das Wort
1527 7068 2833 7127 „à la franca“ auffaßte, iſt am beſten aus der histoire
1527 7130 2832 7180 scandaleuse der Haremverſchwendungen zu erſehen, wo wahr⸗
1525 7188 2821 7237 lich unerhörte, ja unglaubliche Tollheiten einregiſtrirt wurden.
1528 7242 2828 7295 Die Geſchichte der aus Silber und Spiegeln fabricirten
1528 7301 2834 7357 Equipagen, in denen die Prinzeſſinnen auf den unter aller
1527 7359 2835 7410 Kritik ſchlecht gepflaſterten Stambuler Straßen einherfuhren,
1527 7416 2835 7468 die enormen Ankäufe von Edelſteinen, Gold⸗ und Silber⸗
1526 7474 2834 7529 ſchmuck, durch welche die großherrlichen Favoriten den
1529 7534 2836 7582 Staatsſchatz ausleerten, werden klar andeuten, was man
1527 7584 2836 7641 im Harem unter dem Worte Neuerung verſtand. Und hätte
1525 7645 2836 7693 dies Alles bei dem unter dem Palladium der Pracht und
1614 7759 2833 7811 Die oberſte Schatzmeiſterin, die erſten Verſchnittenen und
1527 7814 2835 7873 nicht Abdul Medſchis regierten im Serail, und ebenſo, wie
2887 5811 4193 5862 ſein nach europäiſcher Weiſe am Ufer des Bosporus erbau⸗
2889 6099 3774 6148 Weiſe ſeiner inneren Familienverhältniſſe.
2887 5868 4194 5922 ter, luxuriöſer Palaſt von Dolme bagtsche von dem im
2885 5926 4192 5977 Innern herrſchenden orientaliſchen Treiben abſtach, ein eben
2886 5982 4192 6034 ſolcher Unterſchied war auch zwiſchen den abendländiſchen
2888 6039 4192 6090 Manieren und Sitten des Sultans und der alttürkiſchen
2971 6153 4191 6205 Wird es nach Geſagtem nun noch einer Frage bedürfen,
2888 6214 4194 6263 mit welchen Beiſpielen dieſe Hauptſtadt, die Hauptader des
2887 6270 3833 6321 Reiches, den Provinzen vorangehen konnte?
2963 6325 4194 6378 Stambul iſt in den Augen aller Bewohner des türki⸗
2887 6616 3907 6665 liche Erinnerungen an ihren eigenen Herd mit.
2890 6385 4192 6435 ſchen Reiches das Zenith der Größe und Schönheit, und
2890 6443 4190 6496 Hunderte, ja Tauſende ſtrömen von allen Gegenden hieher,
2889 6499 4195 6550 doch nehmen heute die Heimkehrenden von dieſem Hauptſitze
2888 6555 4194 6608 der Regierung und türkiſchen Intelligenz nur wenig erbau⸗
2973 6667 4195 6723 In früheren Zeiten pflegten die ärmeren Bewohner hier⸗
2889 6724 4192 6778 her zu kommen, um ſich zu bereichern; heute dagegen iſt es
2895 7812 4200 7867 durch das Verſchwendungsſyſtem der Hauptſtadt bankerott
2887 6779 4190 6834 die Hauptſtadt, die ewig das Blut der Provinzen ausſaugt
2890 6835 4191 6892 und dieſelben auch ſchon an den Bettelſtab gebracht hat.
2890 6888 4189 6945 Der Landmann aus Anatolien, Kurdiſtan, Arabiſtan empfin⸗
2890 6944 4191 7008 det gewiß keine beſondere Freude, die enormen Steuern und
2894 7000 4191 7062 Contributionen, den im Schweiße erworbenen Lohn ſeiner
2894 7059 4193 7119 Arbeit, mit dem er die Staatskraft zu nähren glaubt, dem
2892 7115 4194 7178 Luxus und den Verſchwendungen des Hofes und der Großen
2893 7174 4194 7237 aufgeopfert zu ſehen. Was intereſſiren ihn die nach euro⸗
2892 7230 4190 7292 päiſcher Weiſe fein gekleideten Efendis, die pomphaften Equi⸗
2893 7289 4194 7349 pagen und alles äußerliche Gepränge, wenn er zu Hauſe
2892 7337 4196 7405 in ſeiner ſtallähnlichen Wohnung mit fortwährendem Elende
2893 7405 4194 7461 kämpfen muß? Die Gouverneure und der große Haufen
2893 7462 4192 7516 ſubalterner Ofſiziere, denen der Fortſchritt in den Provinzen
2896 7519 4196 7573 anvertraut iſt, ſind ihm als verächtliche Schergen verhaßt,
2896 7577 4206 7631 und die letzteren kümmern ſich auch ſehr wenig um eine
2894 7638 4199 7687 Verbeſſerung der Dinge, da es ihnen nur um eine Verbeſſe⸗
2892 7696 4198 7747 rung ihrer eigenen finanziellen Lage zu thun iſt; denn in
2895 7749 4197 7806 die Provinz gehen nur größtentheils ſolche Beamte, die
4256 5805 5568 5858 geworden und ſich durch illegale Bereicherung wieder auf
4250 5862 5551 5914 die Beine helfen wollen. Es iſt daher kein Wunder, wenn
4250 5917 5551 5972 wir dort fortwährend die bitterſten Klagen gegen die Regie⸗
4256 6652 5372 6702 weitem nicht ſo verächtlich ſei, wie ſie es glaubten.
4252 5974 5553 6030 rung hören, es iſt kein Wunder, wenn der Landmann alles
4250 6025 5561 6090 Zutrauen zu ſeiner nationalen Herrſchaft verloren hat, ja,
4252 6078 5552 6145 es darf uns nicht befremden, daß man dort, wo man Gele⸗
4252 6135 5559 6204 genheit hatte von europäiſcher Ordnung zu hören, trotz alles
4251 6192 5546 6262 religiöſen Fanatismus, eine fremde Herrſchaft dem jetzt regie⸗
4253 6247 5545 6312 renden Regime vorziehen würde. An der perſiſch⸗ruſſiſchen
4256 6306 5557 6374 Grenze hörte ich oft von Leuten die Gerechtigkeit und Billig⸗
4253 6362 5556 6430 keit ruſſiſcher Behörden rühmen, und ſollte einſt der Hof
4259 6421 5563 6482 von St. Petersburg mit ſeinen Plänen in dieſer Gegend
4254 6479 5560 6542 energiſch auftreten, ſo würden die Efendis zu Konſtantinopel
4256 6536 5564 6591 mit Verwunderung bemerken, daß der von ihnen als ſchreck⸗
4254 6593 5563 6652 licher Popanz geſchilderte Ruſſe in den Augen der Türken bei
4336 6708 5561 6761 Die zahlreichen europäiſchen Conſuln, die in jedem Orte
4253 6767 5563 6821 von Bedeutung ihren Sitz aufgeſchlagen haben, die engliſch⸗
4251 6823 5567 6876 amerikaniſchen Miſſionäre, die unter dem Schutze der be⸗
4249 6882 5562 6934 treffenden Geſandtſchaften die Provinzen nach allen Richtun⸗
4260 7523 4689 7571 beſſern Wohlſtandes.
4252 6940 5561 6994 gen ungeſtört durchziehen, haben im Stillen vieles zu einer
4251 6996 5570 7050 Umgeſtaltung der Dinge beigetragen. Auf Tauſende beläuft
4250 7055 5570 7107 ſich die Zahl jener Türken und Araber, die in eigener Hei⸗
4253 7115 5574 7166 math, der eigenen Herrſchaft überdrüſſig, ſich als Unterthanen
4250 7173 5571 7225 der einen oder anderen Geſandtſchaft einſchreiben ließen.
4252 7229 5562 7281 Dieſe Diſſenters werden mitunter als Ingilis, Franſis ꝛc.
4254 7287 5571 7341 wol verſpottet, doch wiegt der materielle Nutzen des Protec⸗
4254 7345 5570 7397 torats immer derartigen Hohn auf: denn als Ingilis,
4254 7402 5571 7455 Franſis u. ſ. w. ſind dieſe Ueberläufer den Repreſſalien der
4256 7456 5570 7515 türkiſchen Anarchie weniger ausgeſetzt und erfreuen ſich eines
4344 7574 5574 7625 Ja Wohlſtand allein iſt es, was die Bewohner der heu⸗
4263 7631 5574 7687 tigen Provinzen anſtreben, und geiſtige Entwicklung könnte
4260 7688 5574 7741 nur nach Hebung der materiellen Zuſtände erzielt werden
4259 7747 5574 7799 Jedoch bei der jetzigen inneren Verwaltung der türkiſchen
4260 7804 5577 7859 Povinzen muß ſtatt Fortſchrittes nur immer Rückgang er⸗
1480 1363 2799 1421 ſitzung berufen, die aber von nur kurzer Dauer und ohne
1480 1421 2798 1476 weitere Bedeutuug war, da es ſich nur um Erledigung einer
1483 1479 2800 1534 formellen Frage handelte. Die bisher eingetroffenen Mit⸗
1484 1535 2799 1594 glieder waren nämlich in der geſtrigen erſten Sitzung behufs
1482 1598 2797 1650 der Wahlprüfungen in ſieben Abtheilungen durch’s Loos ver⸗
1511 4712 1779 4761 angeſchloſſen.
1482 1654 2797 1710 theilt. Wären die Mitglieder ſchon ſämmtlich am Platze,
1484 1712 2800 1769 ſo würden auf jede Abtheilung zwei⸗ bis dreiundvierzig ge⸗
1485 1769 2796 1825 fallen ſein. Vorläufig wurden nun aber nur 38 jeder Ab⸗
1486 1825 2798 1883 theilung überwieſen, das Präſidium fand aber geſtern nach
1484 1885 2797 1942 der Sitzung, daß dieſe Zahl noch zu hoch gegriffen ſei und
1485 1946 2799 1997 die ſiebente Abtheilung zu kurz komme. Dasſelbe entzog
1485 2002 2801 2055 daher den erſteren Abtheilungen einige Mitglieder, um ſie der
1484 2058 2801 2115 letzten zuzuweiſen. Nur um dieſes an ſich willkürliche Ver⸗
1485 2118 2799 2173 fahren durch das Plenum der Abgeordneten ſanctioniren zu
1485 2175 2797 2231 laſſen, war die heutige Sitzung berufen. — Geſtern Mittag
1487 2232 2799 2288 waren ſämmtliche Mitglieder des Reichstages zu einem großen
1486 2292 2799 2346 Diner im königlichen Schloſſe vereinigt. Der König brachte
1487 2349 2798 2403 den Toaſt auf die Mitfürſten aus, der von dem ſächſiſchen
1489 2404 2803 2463 Bevollmächtigten, Miniſter v. Frieſen, mit einem Hoch auf
1488 2464 2801 2521 den König erwiedert wurde. Nach dem Diner wurden die
1490 2520 2799 2582 Abgeordneten von den einzelnen Bevollmächtigten dem König
1491 2582 2800 2641 vorgeſtellt. Dieſer ſowol wie der Kronprinz und die Kron⸗
1491 2640 2799 2698 prinzeſſin, welche ſich in der Geſellſchaft befanden, unter⸗
1493 2696 2798 2755 hielten ſich mit vielen Abgeordneten auf das freundlichſte,
1495 2752 2800 2813 ohne eine Parteirückſicht zu nehmen. — Das „Avenir
1496 2810 2798 2868 national“, welches in neuerer Zeit beſonders befliſſen iſt,
1497 2869 2800 2926 Senſationsnachrichten in Umlauf zu ſetzen, will durch eine
1498 2929 2799 2986 Depeſche aus dem Haag erfahren haben, daß Preußen von der
1500 2986 2799 3044 holländiſchen Regierung eine Grenzregulirung gefordert
1500 3043 2799 3102 habe. Die Entſtehung dieſes durchaus unwahren Gerüchts wird
1499 3101 2795 3159 wol auf die diplomatiſche Preſſion zurückzuführen ſein, welche
1501 3158 2798 3216 die preußiſche Regierung gegenwärtig auf die holländiſche
1500 3217 2799 3275 wegen der Maßregeln gegen die Verbreitung der Rinderpeſt
1500 3275 2800 3330 auszuüben verſucht. Zur Reviſion der in dieſer Beziehung
1499 3333 2803 3387 in Preußen gültigen Verordnangen werden demnächſt um⸗
1499 3390 2802 3446 faſſende Verhandlungen ſtattfinden, zu denen die betreffenden
1499 3448 2801 3503 Reſſortminiſterien Commiſſare zu ernennen haben. Preußen
1498 3506 2802 3561 droht mit einer Grenzſperre gegen Holland. — Die
1497 3562 2803 3617 Nachricht, daß der Fürſt von Waldeck mit der preußi⸗
1495 3616 2805 3675 ſchen Regierung wegen Abtretung ſeiner Souverainetätsrechte
1492 3679 2803 3731 in Unterhandlung ſtehe, entbehrt der Begründung. — Durch
1497 3738 2806 3789 ältere Verfügungen war das Jadegebiet bisher in Land⸗
1496 3796 2806 3846 wehrangelegenheiten dem Landwehrbataillon in Minden zu⸗
1499 3854 2806 3906 gewieſen. Da ſeit der Einverleibung Hannovers das
1500 3908 2805 3961 genannte Gebiet nicht mehr außerhalb der eigentlichen
1498 3968 2805 4021 Grenzen der preußiſchen Monarchie liegt, ſo wird es
1497 4024 2808 4077 jetzt hinſichtlich der erwähnten Angelegenheiten unter Vorbe⸗
1498 4084 2807 4134 halt aller übrigen Anordnungen vom 1. April an dem Landwehr⸗
1496 4141 2806 4193 bataillonsbezirk von Aurich angehören. — Auf die dem
1500 4198 2806 4249 Landesökonomiecollegium vorgelegte Frage, ob zum
1502 4255 2811 4305 Schutz gegen die Schafpockenkrankheit eine Zwangs⸗
1503 4312 2812 4361 verſicherung zu empfehlen ſei, hat dasſelbe ablehnend geant⸗
1504 4363 2814 4417 wortet, jedoch gleichzeitig den Wunſch ausgeſprochen, daß
1506 4421 2812 4474 überhaupt energiſchere Maßregeln gegen die Viehkrankheiten
1507 4478 2812 4532 ergr ffen, und daß eine dahin zielende Miniſterialinſtruction
1509 4539 2813 4588 erlaſſen werden möchte. — Graf von Borries beantragte,
1508 4595 2806 4647 daß dieſe Maßregeln für den ganzen Norddeutſchen Bund
1510 4654 2815 4705 Geltung erhielten und das Collegium hat ſich dieſem Antrage
1598 4779 2814 4832 * Die Regierung wünſcht die Verhandlungen des
1512 4837 2814 4889 Reichstages möglichſt zu beſchleunigen. — Wie es
1508 4895 2817 4945 heißt, wird ein dreijähriges Ordinarium des Mi⸗
1510 4951 2816 5004 litär⸗Etats von der Regierung zugeſtanden werden. Das
1511 5010 2815 5063 wäre allerdings ein höchſt wichtiger Entſchluß, hoffen wir,
1510 5067 2817 5118 daß die Nachricht officielle Beſtätigung findet. Die Ver⸗
1513 5125 2818 5176 handlungen werden binnen Kurzem darüber Entſcheidung
1515 5183 1771 5230 herbeiführen.
1599 5252 2814 5302 ✽ Der Paragraph der Bundesverfaſſung, welcher die Freiheit
1511 5311 2818 5360 der Niederlaſſung beſtimmt, wird ſehr wichtig namentlich
1514 5367 2823 5418 auch für die Juden werden, da durch mehre Landesgeſetze
1513 5424 2821 5476 z. B. vom Königreich Sachſen und von Reuß nicht ein⸗
1513 5483 2824 5533 heimiſchen Juden beſondere Hinderniſſe der Niederlaſſung bis⸗
1515 5540 2183 5590 jetzt in den Weg gelegt waren.
1598 5595 2824 5639 ✽ Reichstagsnachrichten. Eine Conſtituirung der ſäch⸗
1516 5641 2824 5687 ſiſchen Abgeordneten zu einem Club oder der Anſchluß derſelben
1516 5687 2829 5731 an eine der bereits in Bildung begriffenen Fractionen wird ſo lange
2861 1355 4171 1411 offene Frage bleiben, bis die ſämmtlichen Vertreter Sachſens einge⸗
2860 1401 4174 1454 troffen ſein werden. Ueberhaupt gedenkt die Mehrzahl der vom ſäch⸗
2862 1448 4178 1501 ſchen Central⸗Wahl⸗Comite vorgeſchlagenen Abgeordneten mehr eine
2862 1493 4177 1548 zuwartende Stellung einzunehmen. (Dr. J.) — Bei der engeren Wahl
2861 1539 4181 1594 des Kreiſes Neiße iſt Landrath Dr. Friedethal zu Gießmannsdorf
2864 1592 3183 1645 gewählt worden.
2948 1646 4176 1706 — Auf eine Anfrage hat das Miniſterium erklärt, daß
2863 1768 3905 1821 der Name des Druckers angegeben, gültig ſeien.
2865 1706 4175 1765 ſolche Stimmzettel für die Reichstagswahlen, auf welchen
2948 1834 4180 1891 — Der König wird Mitte Juni auf mehre Wochen
2862 1894 3481 1947 ſich nach Wiesbaden begeben.
2953 1960 4181 2017 ✽ Auf die Anträge der Magdeburger Kaufmannſchaft
2869 2019 4178 2074 auf Errichtung von Handelsgerichten iſt vom Handels⸗
2864 2074 4167 2131 miniſter geantwortet, daß die Organiſation der Handelsge⸗
2865 2132 4175 2190 richte in ſo innigem Zuſammenhange mit der Civilprozeß⸗Ge⸗
2862 2190 4173 2247 ſetzgebung ſtehe, daß man den Abſchluß der wegen Reviſion
2865 2427 3256 2478 beſchäftigen werde.
2861 2250 4175 2304 der Civil⸗Prozeßgeſetzordnung ſchwebenden Verhandlungen
2861 2306 4176 2363 abwarten müſſe. — Die „Magd. Ztg.“ ſpricht die Erwar⸗
2861 2363 4177 2420 tung aus, daß ſich der Reichstag mit dieſer Angelegenheit
2949 2490 4178 2545 — Der Ober⸗Regierungsrath Sabarth in Hannover iſt zum
2861 2548 4179 2603 Geheimen Finanzrath und Provinzial⸗Steuerdirector in
2870 2614 3202 2662 Kaſſel ernannt.
2949 2675 4178 2725 — Dem Landes⸗Oekonomie⸗Collegium hat Dr. Eras
2863 2733 4178 2787 den Plan einer neuen Organiſation der ſtatiſtiſchen
2864 2790 4179 2847 Thätigkeit vorgelegt. Derſelbe ſtellt als Hauptgrundſatz
2863 2846 4179 2902 hin, daß die Statiſtik nach den verſchiedenen Geſchäftszwei⸗
2863 2903 4180 2961 gen decentraliſirt werden müſſe. Die Behörden könn⸗
2862 3481 3963 3539 in ſehr erſprießlicher Weiſe zu Hülſe gekommen ſei.
2861 2962 4177 3019 ten dazu wenig beitragen; es fehle an den nöthigen Kräften
2859 3020 4177 3076 zur Ausführung des Planes, falls nicht eben die Privat⸗
2860 3077 4175 3134 thätigkeit hinzutrete. Dr. Engel bringt nach dieſer Richtung
2860 3134 4170 3190 in Vorſchlag, ein Netz von ſtatiſtiſchen Vereinen über den
2862 3192 4172 3253 ganzen preußiſchen Staat zu legen. In Italien ſei Derar⸗
2860 3249 4171 3308 tiges möglich geworden, und daß es auch in Preußen mög⸗
2862 3307 4178 3363 lich werden könne, dafür hätten die Leiſtungen Zeugniß ab⸗
2864 3365 4177 3423 gelegt, mit welchen die Privatthätigkeit der Statiſtik im
2862 3421 4174 3478 Jahre 1864 bei der ſchwierigen Aufgabe der Viehzählung
2872 4020 3025 4059 können.
2950 3550 4181 3603 — Die alljährlichen Uebungen der Artillerie ſollen nach
2866 3606 4177 3662 der „Stb.⸗Ztg.“ eine Erweiterung dahin erhalten, daß in
2865 3662 4179 3722 Zukunft Unteroffiziere und Mannſchaften dieſer Waffe, wäh⸗
2868 3722 4175 3779 rend einer beſtimmten Dauer in den Sommermonaten und
2867 3780 4180 3836 unter Aufſicht von Ingenieur⸗Offizieren, im Aufwerfen von
2866 3839 4179 3892 Trancheen und Arbeiten von Sappen Anleitung erhalten, um
2866 3894 4183 3954 in Fällen der Noth in Kriegszeiten auch für dieſen Zweig
2867 3952 4183 4010 der militäriſchen Ausbildung eine Vewendung finden zu
2958 4065 4183 4122 — Bei den preußiſchen Geſchäftsträgern in Braſilien
2869 4123 4186 4178 und den Laplata⸗Staaten ſind neuerdings Beſchwerden
2870 4182 4186 4238 von deutſchen Einwanderern eingelaufen, welche unter der
2876 4472 3425 4520 Leute energiſch annehmen.
2870 4237 4186 4294 Vorſpiegelung, dort leicht Aecker erwerben zu können, von
2874 4295 4187 4351 gewiſſenloſen Agenten dahin gelockt worden ſind und bei
2875 4352 4188 4407 ihrer Ankunft zwangsweiſe unter das Militär geſteckt wur⸗
2875 4410 4190 4464 den. Die preußiſche Regierung wird ſich hoffentlich dieſer
2960 4524 4184 4582 Aus Nordſchleswig, 22. Febr. Die „Köln. Z.“
2876 4582 4189 4635 verſichert, halb Schleswig habe däniſch gewählt. Die Wahr⸗
2875 4640 4190 4693 heit iſt, daß im erſten Wahlkreiſe 80, im zweiten 51, im
2876 4697 4190 4746 dritten 18 und im vierten 1 Procent der Bevölkerung
2875 4755 4187 4809 däniſch gewählt hat, macht in Summa ungefähr drei Achtel
2876 4814 4191 4866 des ſchleswigſchen Volks. Und ein Blatt, das ſo mit den
2876 4872 4192 4923 Intereſſen ſeiner eigenen Landsleute umſpringt, wagt es,
2876 4928 4191 4981 ſich in demſelben Athem „eine Herberge der Gerechtigkeit“ zu
2880 4984 4134 5036 nennen! (Fr. J.)
2967 5042 4192 5100 Fraukfurt a. M., 25. Febr. In den Verhand⸗
2881 5100 4193 5152 lungen der Bundes⸗Liquidationscommiſſion hat das
2883 5157 4192 5210 Königreich Sachſen ſeine Nachforderung von 52,738 Thlr.
2883 5215 4196 5268 zu den Executionskoſten wieder fallen laſſen, nachdem die
2883 5274 4196 5324 Mehrheit der Commiſſion den Erſatz der genannten Summe
2885 5336 3124 5380 beanſtandet.
2970 5385 4199 5436 Wiesbaden, 22. Febr. Die Finanzbehörde für
2885 5444 4196 5498 Naſſau iſt damit beſchäftigt, die Steuerverhältniſſe nach
2883 5502 4197 5555 preußiſchem Modus zu reguliren. Bis zum 1. Juli d. J.
2886 5560 3774 5612 ſoll das Regulirungsgeſchäft beendet ſein.
2970 5614 4193 5668 — 23. Februar. Nach dem „Rheiniſchen Kur.“
2886 5664 4199 5726 iſt das hieſige Schloß durch ein Arrangement mit dem
4238 1356 5557 1408 Herzog Adolf definitiv in den Beſitz des Königs Wilhelm
4242 1414 4583 1463 übergegangen.
4349 1472 5548 1521 — 24. Februar. Die Staatsbeamten, An⸗
4242 1528 5544 1583 wälte u. ſ. w. aus Wiesbaden wurden in voriger Woche
4241 1988 4932 2042 ſuchten, wurde dieſelbe gewährt.
4243 1587 5542 1637 beeidigt. Einige derſelben wünſchten von dem in Rum⸗
4240 1645 5550 1698 penheim wohnenden Herzog Adolf von dem dieſem geleiſte⸗
4240 1702 5551 1753 ten Huldigungseide entbunden zu ſein. Ein früherer hoher
4242 1760 5554 1812 Verwaltungsbeamter begab ſich dieſerhalb zum Herzog, der
4242 1817 5554 1868 ſich indeſſen weigerte, anders den Eid zu erlaſſen, als wenn
4240 1875 5554 1925 er in jedem einzelnen Falle darum gebeten würde. Zweien
4241 1932 5551 1985 Beamten, welche perſönlich um die Eidesentbindung nach⸗
4328 2045 5557 2100 Darmſtadt, 25. Febr. Wahrſcheinlich in Folge der
4243 2104 5556 2158 Ratification der Stuttgarter Conferenzbeſchlüſſe, welche geſtern
4244 2159 5555 2215 hier angelangt, wurde verfügt, daß die preußiſchen Exercier⸗
4239 2220 5559 2274 reglements ſofort bei der großherzoglichen Armeediviſion einzu⸗
4242 2278 4505 2328 führen ſeien.
4326 2333 5550 2388 Dresden, 21. Febr. Der, wie man ſagt, nunmehr
4242 2392 5553 2444 von dem ſächſiſchen Kriegsminiſterium genehmigte Uebertritt
4241 2452 5555 2504 einer ziemlichen Anzahl ehemaliger hannoverſcher Offiziere
4240 2508 5554 2560 in ſächſiſche Dienſte, giebt den ſächſiſchen Offizieren, die ſich
4256 4291 5512 4342 armee iſt. (D. A. Z.)
4241 2566 5554 2618 durch dieſen Einſchub in ihren berechtigten Erwartungen
4242 2623 5556 2675 von Avancement getäuſcht finden, Veranlaſſung zur Unzu⸗
4240 2679 5559 2732 friedenheit. Der Enthuſiasmus für Oeſterreich, mit welchem
4240 2739 5554 2789 die ſächſiſchen Offiziere, hohem Vorbilde ſolgend, im Juni
4241 2796 5551 2846 v. J. nach Böhmen marſchirten, iſt dort ſchnell verſchwunden
4242 2853 5560 2904 und ziemlich allgemein in das Gegentheil umgeſchlagen. Was
4239 2912 5556 2961 die Herren dort ſelbſt beobachtet, was ſie dort gelitten, ver⸗
4242 2967 5555 3020 bunden mit dem, was ſie über die Zuſtände und die Krieg⸗
4242 3026 5559 3078 führung der Bundesarmee am Main erfahren haben, iſt ge⸗
4244 3083 5558 3134 eignet, ſie die neue Ordnung der Dinge mit nüchternem
4241 3142 5559 3194 Auge prüfen zu laſſen. Man darf behaupten, daß im ſäch⸗
4242 3199 5557 3249 ſiſchen Offiziercorps bei Weitem mehr, als in den Beamten⸗
4242 3256 5559 3309 kreiſen, der „aufrichtige und ehrliche“ Anſchluß an den
4240 3314 5557 3366 Norddeutſchen Bund Boden gewonnen hat. Möglich, daß
4243 3369 5564 3423 bei dem und jenem Offizier nicht allein die Prüfung der
4244 3429 5559 3480 Sachlage den Sinn geändert hat, ſondern mehr noch die
4242 3486 5553 3538 aus Sachſens Zuziehung zum Norddeutſchen Bunde erwach⸗
4243 3542 5559 3593 ſende Vermehrung der ſächſiſchen Armee, deren bisher
4245 3599 5557 3651 20 Bataillone, 20 Schwadronen, 12 Batterien à ſechs Ge⸗
4242 3658 5560 3712 ſchütze u. ſ. w. nun auf den Beſtand eines preußiſchen
4243 3716 5562 3775 Armeecorps gehoben werden. Da die Vermehrung in allen
4243 3772 5560 3824 Waffen ungeſähr ein Drittheil betragen wird, ſo hatte ſich
4245 3831 5559 3880 wol jeder Offizier ſchon nach der Rangliſte ſeine Charge im
4245 3888 5563 3940 künftigen 12. norddeutſchen Bundesarmeecorps berechnet.
4247 3945 5562 3997 Nun kommen auf einmal gegen 50 hannoverſche Offiziere.
4248 4002 5569 4053 Nicht mit Unrecht klagen die ſächſiſchen, daß ihre hannover⸗
4249 4060 5560 4111 ſchen Cameraden ihnen in den Weg treten, einzig und allein,
4250 4117 5568 4168 weil ſie ihrem nunmehrigen Landesherrn nicht unmittelbar
4249 4175 5569 4224 dienen mögen. Mittelbar dienen ſie ihm doch, da er der
4251 4234 5571 4285 oberſte Kriegsherr der geſammten norddeutſchen Bundes⸗
4341 4346 5568 4402 ✽ Stuttgart, 24. Febr. Die Veröffentlichung des
4254 4403 5569 4459 franzöſiſchen Gelbbuches hat in Süddeutſchland nicht wenig
4257 5332 4522 5376 dehnt werde.
4254 4460 5569 4514 Erſtaunen erregt; allgemein iſt der Unwillen über die ſcham⸗
4251 4518 5565 4570 loſe Anrufung der franzöſiſchen Intervention. Immer mehr
4250 4578 5566 4631 dringt die Anſicht durch, daß allein in dem Anſchluß an den
4253 4633 5567 4687 Norddeutſchen Bund Garantien für eine günſtige Geſtaltung
4251 4692 5567 4744 der Zuſtände Süddeutſchlands liegen. Bezeichnend iſt in
4252 4750 5567 4803 dieſer Beziehung, daß nämlich in einer von 6—800 Mann
4253 4808 5567 4860 beſuchten Verſammlung des Arbeiter⸗ und Bildungsvereins
4253 4864 5563 4917 ein Redner, welcher den möglichſt bald erfolgenden Anſchluß
4256 4923 5569 4972 Süddeutſchlands an den Norddeutſchen Bund forderte, mit
4255 4980 5570 5033 ſtürmiſchem Beifall belohnt wurde. — Dieſelbe Verſammlung
4253 5037 5565 5091 faßte folgende Reſolution: „Durch Conſtituirung des Nord⸗
4256 5094 5570 5149 deutſchen Bundes wird ein allgemeines Heimath⸗ und
4257 5151 5571 5205 Staatsbürgerrecht über 30 Millionen Deutſche ausge⸗
4253 5209 5569 5262 dehnt; wir fordern daher ſämmtliche Arbeiter auf, dahin zu
4254 5267 5569 5319 wirken, daß ein ſolches Geſetz über ganz Deutſchland ausge⸗
4347 5382 5566 5434 ✽ München, 24. Febr. In der Kammer der Ab⸗
4260 5440 5558 5493 geordneten wurde der Juſtizminiſter ſehr ſcharſ an⸗
4259 5496 5565 5551 gegriffen. Der Miniſter vertheidigte ſich und ſagte, er werde
4258 5555 5567 5607 nach wie vor verfahren; er habe nie aus Parteiintereſſe
4258 5612 5569 5663 einen Richter von ſeinem Amte entfernt, wol aber mehre
4261 5669 5567 5720 wegen Unfähigkeit und Pflichtwidrigkeit, er glaube zur Zu⸗
171 1961 1374 2064 Telegraphiſche Depeſchen.
216 2064 1421 2127 * Köln, (Dienstag) 26. Febr., Abends. Bei der
130 2122 1422 2194 heute ſtattgehabten engeren Wahl wurde Pfarrer Thiſſen mit
131 2178 1421 2243 8379 Stimmen zum Reichstags⸗Abgeordneten gewählt.
129 2248 975 2303 L. Camphauſen erhielt 6406 Stimmen.
